3252 4960
684 363 901 424 „21-

206 539 369 602 Maximus
388 558 497 623 »puer«
516 545 547 602 et
565 540 711 602 »decens«
730 540 915 622 appelletur,
935 545 966 602 et
984 541 1132 602 tirocinia
1148 557 1222 602 eum
1235 541 1380 622 posuisse

206 648 240 709 in
264 646 463 710 orationibus
486 645 669 709 forensibus
692 652 785 729 poeta
809 646 908 726 dicat,
939 665 1013 710 eum
1041 653 1110 708 tum
1133 647 1248 730 viginti
1280 667 1380 709 annos

206 759 319 816 natum
342 753 442 818 fuisse
465 752 610 816 Kochius
633 753 761 816 iudicat.
809 752 868 815 Cui
901 754 1078 816 sententiae
1102 759 1137 814 ut
1161 755 1381 826 assentiamur,

206 861 297 922 nullo
321 860 415 944 modo
439 865 543 943 potest
565 860 644 923 fieri.
689 859 772 922 Nam
796 866 832 922 ut
856 861 1039 922 omittamus
1063 865 1137 922 eum
1160 860 1275 942 viginti
1304 880 1381 944 qua-

147 979 151 990 ·
206 971 281 1030 tuor
313 985 415 1029 annos
443 972 556 1029 natum
585 967 643 1028 vix
672 967 815 1049 potuisse
846 967 910 1028 iam
941 967 1143 1030 consulatum
1167 966 1316 1050 adipisci,
1340 1004 1381 1012 —

209 1073 295 1155 quod
314 1091 398 1136 anno
418 1093 492 1156 uc.
515 1075 577 1136 743
596 1073 717 1136 factum
741 1091 809 1136 esse
832 1073 940 1156 paullo
963 1073 1047 1135 iufra
1069 1073 1250 1136 videbimus
1270 1075 1383 1136 -rel

208 1199 255 1261 eo,
281 1181 367 1263 quod
389 1186 480 1264 pater
498 1181 568 1244 eius
592 1199 676 1244 anno
700 1201 730 1242 u.
751 1200 776 1242 o.
798 1181 861 1244 709
885 1186 1031 1243 mortuus
1055 1185 1102 1242 est
1126 1181 1262 1262 aliisque
1285 1179 1382 1242 rebus

207 1289 299 1350 velut
321 1307 420 1368 anno,
445 1308 508 1370 quo
533 1289 657 1371 legatus
682 1286 826 1350 Caesaris
849 1289 926 1363 fuit,
948 1287 1004 1350 illa
1028 1288 1185 1350 sententia
1216 1286 1381 1350 refutatur.
1435 1269 1439 1282 ’

209 1395 311 1457 Immo
335 1395 516 1458 Maximum
540 1415 624 1458 anno
649 1416 674 1458 a.
700 1393 770 1456 Chr.
797 1397 837 1456 11
863 1394 1143 1477 quadragesimum
1170 1394 1237 1456 fere
1260 1412 1382 1456 anuum

209 1504 311 1584 egisse
335 1502 428 1565 nobis
453 1507 501 1566 est
518 1503 699 1586 putandum
709 1504 742 1582 1).
789 1499 874 1577 Quid
898 1503 983 1564 enim
1007 1501 1100 1583 cogit,
1123 1506 1158 1563 ut
1182 1519 1256 1563 euni
1281 1500 1382 1562 multo

207 1609 307 1692 prius,
332 1630 428 1692 quam
453 1611 532 1674 alios
556 1610 707 1692 aequales
726 1609 930 1691 magistratus
953 1608 1026 1670 illos
1050 1607 1201 1690 adeptum
1224 1625 1294 1670 esse
1310 1625 1383 1670 cen-
1484 1687 1486 1692 Δ

209 1734 349 1796 scamus,
382 1717 468 1799 quod
498 1719 554 1780 illo
586 1724 729 1800 tempore
759 1721 813 1778 aut
841 1735 1009 1798 nunquam
1040 1720 1096 1777 aut
1127 1715 1289 1778 rarissime
1319 1714 1383 1776 fac-

209 1829 279 1884 tum
303 1828 375 1885 esti

284 1997 304 2062 1)
324 1996 400 2061 Quae
418 2013 461 2050 res
480 2015 533 2052 non
551 2000 623 2069 fugit
640 1999 781 2068 plerosque
800 1997 908 2051 Horatii
927 1997 1051 2064 editoresqv
1076 1997 1123 2066 qui
1142 1997 1213 2048 inter
1231 2012 1259 2049 se
1278 1996 1382 2050 dissen-

211 2085 294 2144 tiunt.
314 2088 408 2138 utrum
424 2086 471 2140 illo
490 2087 644 2141 Carminum
664 2087 722 2141 loeo
740 2086 853 2140 Paullus
877 2086 977 2140 Fabius
995 2085 1134 2140 Maximus
1153 2101 1205 2139 cos,
1226 2075 1289 2138 airni
1313 2102 1340 2138 u.
1360 2103 1382 2138 o.

212 2177 265 2228 743
274 2173 473 2244 intellegendus
486 2177 530 2243 sit,
541 2193 633 2230 neone.
658 2177 738 2230 illam
751 2177 913 2230 sententiam
925 2175 1039 2244 probant
1050 2175 1221 2229 Nauckius
1230 2175 1262 2228 'et
1274 2173 1382 2228 Obba-

212 2263 295 2330 11111,
316 2279 430 2331 quorum
447 2265 492 2318 hic
505 2268 598 2318 oenset
610 2266 710 2334 optime
724 2266 844 2334 potuisse
858 2266 892 2319 ab
904 2264 1015 2318 Horatio
1028 2263 1180 2317 Maximum
1194 2263 1252 2317 diei·
1260 2280 1383 2332 puerum,

212 2369 275 2406 cum
294 2352 401 2420 saepius
420 2353 544 2408 homines
557 2357 676 2410 aetatem
688 2355 789 2425 viginti
808 2371 939 2408 annorum
958 2369 1079 2424 egressos
1097 2352 1383 2422 puerosappallentrn,

211 2441 289 2495 velut
307 2442 379 2510 apud
394 2443 478 2498 Cicer.
501 2445 535 2498 ad
553 2444 638 2498 famil.
652 2444 688 2512 X,
709 2449 743 2498 28
762 2443 828 2498 dici:
847 2444 983 2513 »egregius
1002 2459 1070 2512 puer
1082 2442 1193 2495 Caesar«
1211 2441 1255 2494 vel
1268 2441 1333 2496 ibid.
1347 2442 1383 2508 X,

211 2535 240 2585 7:
260 2533 306 2584 »et
324 2531 526 2587 adulescentem
549 2534 594 2587 v'el
612 2551 726 2602 puerum
748 2533 839 2603 potius
859 2533 999 2588 Caesarem
1017 2531 1122 2584 iudices
1146 2533 1246 2584 temere
1273 2530 1383 2584 fecisse«

212 2619 327 2689 aliisque
354 2620 429 2676 locis.
476 2622 529 2676 Per
546 2623 637 2677 iocum
657 2625 749 2677 autem
771 2622 917 2676 Horatium
940 2637 1007 2676 voce
1031 2636 1133 2688 »puer«
1155 2635 1215 2673 esse
1233 2635 1323 2686 usum,
1352 2623 1383 2672 ut
1446 2667 1448 2672 .

212 2709 377 2779 significaret
394 2710 523 2766 Paullum
535 2711 687 2766 Maximum
705 2711 823 2766 libenter
834 2727 949 2781 puerum
968 2727 1055 2780 agere.
1084 2712 1215 2763 Attamen
1227 2709 1275 2762 vix
1287 2725 1382 2777 possu-

212 2813 273 2852 mus
286 2800 397 2866 probaro
411 2800 524 2855 Obbarii
537 2801 709 2870 sententiam,
729 2802 800 2869 quod
813 2803 881 2867 tum,
901 2817 963 2854 cum
974 2800 1067 2854 Cicero
1080 2798 1211 2867 epistulas
1223 2797 1284 2852 illas
1297 2798 1383 2865 scrip-

214 2886 250 2938 sit
276 2889 355 2956 (anno
380 2906 402 2944 a.
423 2890 483 2944 Chr.
509 2891 566 2958 43),
592 2890 761 2944 Octavianus
786 2905 881 2944 revera
904 2889 960 2958 egit
982 2905 1083 2942 annum
1106 2887 1269 2941 vicesimum
1292 2887 1385 2955 itaque

215 2976 276 3041 apte
294 2992 361 3042 puer
380 2979 508 3047 appellari
526 2979 623 3048 potuit.
660 2979 804 3034 Praeterea
825 2997 851 3032 v.
871 2983 887 3032 8
906 2976 1015 3032 iuvenis
1033 2977 1172 3031 Maximus
1190 2975 1302 3030 Horatio
1326 2977 1385 3030 seni

213 3051 865 3138 1111111111111111111111111111111111111,
893 3067 988 3134 utqui
1016 3066 1109 3120 studia
1131 3059 1275 3119 admodum
1307 3066 1384 3120 iure-

213 3151 282 3206 nilia
300 3157 484 3224 consectetur,
508 3159 602 3212 uthis
621 3159 649 3212 in
672 3158 770 3212 verbis
785 3158 875 3211 iocum
893 3137 983 3209 inesse
1005 3171 1056 3209 non
1083 3155 1209 3209 rideatur
1227 3155 1383 3209 verisimile

214 3239 288 3305 Quae
307 3245 423 3298 sumita
443 3247 506 3314 sint
525 3248 612 3318 magis
631 3237 882 3311 111111111111111,Ι
901 3245 972 3314 qnod
991 3243 1140 3298 Orellius
1159 3244 1384 3312 111111111111,

212 3331 353 3385 consulem
367 3335 431 3388 anni
450 3339 502 3390 743
520 3353 573 3390 111
591 3336 697 3390 laudari
715 3336 748 3390 ab
767 3335 887 3390 Horatio.
920 3333 972 3390 Sed
990 3333 1069 3386 illum
1091 3334 1178 3387 filium
1197 3325 1288 3386 Paulli
1306 3331 1385 3384 Fabii

212 3418 327 3474 Maximi
340 3424 460 3480 consulis
472 3427 536 3480 anni
549 3443 574 3479 u.
590 3443 612 3480 c.
626 3431 678 3481 743
697 3426 781 3479 fuisse
793 3424 931 3493 probabile
944 3425 986 3477 est
1004 3423 1173 3492 eundemque
1185 3422 1284 3486 uirum,¹
1304 3437 1384 3488 quem

137 3563 141 3568 ,
211 3508 392 3565 Fabianum
401 3513 626 3568 Maximum-
640 3531 726 3570 errore
739 3515 769 3567 in
781 3513 876 3582 Pauly.
888 3511 991 3582 encyol.
1000 3513 1017 3566 l.
1029 3513 1196 3580 asonptum
1210 3513 1252 3564 est
1270 3509 1383 3564 »Fabius

211 3597 370 3663 Maximus«,
390 3620 452 3657 nam
465 3605 561 3672 optimi
575 3605 681 3659 codices
693 3603 740 3658 illo
752 3603 819 3664 loeo,
838 3604 871 3657 de
884 3619 937 3670 quo
950 3603 1047 3656 statim
1065 3602 1237 3666 disseremus
1256 3599 1385 3666 praebent

211 3687 373 3745 »Fabianus«
393 3723 427 3731 -
446 3693 479 3746 de
499 3711 550 3762 quo
569 3685 671 3747 seneca
690 3693 757 3746 dicit
774 3692 804 3746 in
823 3692 946 3747 Controv.
965 3691 986 3759 Ι,
1008 3695 1055 3744 12:
1078 3691 1227 3744 »Fabianus
1245 3687 1384 3742 Maximus

212 3777 398 3834 nobilissimus
417 3782 532 3850 1111111,
553 3783 599 3850 qui
612 3783 717 3850 primus
735 3783 790 3836 foro
803 3781 921 3834 Romano
940 3781 1013 3834 hunc
1026 3779 1162 3833 vomioum
1180 3777 1312 3845 morbum,
1332 3794 1385 3845 quo

212 3883 283 3920 nunc
302 3868 414 3938 laborat,
434 3870 537 3937 intulit,
552 3871 584 3924 de
598 3888 650 3940 quo
663 3870 780 3926 Seuerus
793 3871 912 3936 Cassius,
931 3872 1077 3938 antequam
1096 3866 1189 3922 abillo
1206 3882 1270 3920 reus
1290 3883 1382 3935 agere-

212 3959 264 4024 turq
284 3959 404 4013 dixerat:
431 3959 530 4026 »Quasi
549 3959 668 4014 disertus
687 3976 724 4027 es,
744 3959 823 4028 quasi
841 3961 974 4014 formosus
993 3974 1030 4025 cs,
1050 3957 1129 4025 quasi
1147 3955 1224 4009 dives
1243 3971 1280 4022 as,
1299 3971 1385 4008 unum

211 4049 318 4101 tantum
337 4066 436 4104 nones
456 4051 542 4118 quasi,
561 4065 669 4118 vappa«.
707 4049 778 4104 Sane
797 4066 841 4116 11,
861 4064 930 4117 quae
949 4046 1051 4102 Seneca
1069 4047 1102 4100 de
1116 4044 1272 4112 nobilitate,
1291 4045 1384 4110 forma,

211 4136 325 4202 divitiis,
345 4139 508 4208 eloquentia,
528 4139 714 4209 voluptatibus
733 4140 804 4192 dixit
824 4155 886 4193 cnm
904 4136 1063 4191 Horatianis
1082 4135 1202 4204 apprime
1222 4134 1383 4198 concinunt3

212 4226 336 4280 Cassium
356 4231 449 4282 autem
467 4245 540 4283 mora
559 4245 608 4284 suo
627 4230 720 4298 inique
739 4230 772 4283 11
791 4227 944 4282 adversario
963 4225 1113 4291 iudicasse,
1138 4223 1283 4278 Horatium
1302 4223 1383 4276 benc-

116 4329 121 4340 ·
211 4316 271 4370 vole
290 4317 323 4370 de
342 4318 442 4371 studiis
461 4321 489 4372 et
507 4318 648 4387 splendide
667 4319 726 4372 vita
735 4319 845 4387 juvenis
864 4315 997 4386 ingeniosi
1016 4313 1139 4368 locutum
1152 4329 1211 4367 essa
1229 4313 1308 4367 facile
1321 4328 1384 4365 con·

211 4407 345 4461 cedemus.
384 4407 479 4461 Fuisse
497 4407 581 4478 igitin·
599 4407 692 4461 Paullo
709 4406 793 4460 Fabio
810 4405 931 4460 Maximo
950 4405 1017 4458 duos
1035 4403 1104 4458 filios
1123 4403 1218 4457 statim
1237 4401 1383 4471 apparebit.
