3252 4960
690 323 908 382 -44..

216 497 315 560 libros
340 500 436 560 etiam
459 504 638 561 crescentes
662 503 709 560 set
733 498 838 571 rudes,
861 517 920 560 uec
945 505 1074 580 propter
1097 499 1236 560 auctoris
1260 498 1394 560 exilium

217 606 363 667 ultimam
387 624 519 667 manum
543 605 583 666 ad
607 624 660 666 eos
683 605 825 687 potuisse
850 605 1018 668 accedere:

262 711 358 774 »Non
381 717 516 792 tamen«,
540 712 655 793 inquit,
678 712 747 773 »illa
772 712 833 794 legi
858 717 1009 794 poterunt
1031 713 1189 796 patienter
1212 711 1251 774 ab
1275 712 1351 792 ull0,

262 817 390 882 Nesciet
414 819 464 880 lus
487 837 645 881 summanr
670 819 697 878 si
723 819 796 900 quis
820 817 931 880 abesse
955 838 1105 881 manum«
1129 822 1168 892 (v.
1189 821 1230 882 27
1252 831 1327 900 seut
1368 828 1374 838 “

217 926 268 987 rel
293 926 401 1008 paullo
426 927 509 988 infra
532 945 561 985 r.
586 925 645 987 30:

452 1030 581 1094 »Defuit
605 1037 636 1094 et
660 1033 786 1113 scriptis
812 1032 923 1094 ultima
948 1032 1026 1094 linia
1049 1034 1155 1096 meis«.

217 1137 330 1222 Itaque
360 1140 513 1201 »veniant
549 1151 606 1220 pl'O
642 1139 736 1200 11111111)
766 1139 866 1220 petit«
898 1139 939 1220 (1,
971 1141 1039 1217 30),
1073 1160 1168 1222 quam
1202 1146 1236 1202 111
1268 1139 1395 1202 facilius

216 1247 374 1329 impetret,
392 1246 448 1308 illa
463 1246 603 1307 carmina
623 1266 642 1307 a
661 1265 694 1308 se
713 1246 782 1328 ipso
800 1264 866 1307 non
883 1264 952 1308 esse
972 1246 1056 1308 edita
1071 1265 1177 1328 seque,
1197 1249 1224 1308 si
1244 1248 1396 1326 licuisset,

218 1353 464 1415 emendaturum
487 1352 587 1414 fuisse
612 1370 722 1414 eorum
745 1353 824 1414 ritia
847 1353 1023 1435 profitetur.

306 1457 358 1520 Ex
382 1459 501 1542 quibus
525 1458 749 1541 cognoscimus
773 1460 907 1522 consilio
932 1465 963 1522 et
987 1461 1117 1543 ingenio
1147 1461 1230 1524 hanc
1261 1439 1415 1542 elegiam*

218 1565 305 1628 haud
345 1566 534 1629 dissimilem
566 1585 636 1629 esse
668 1565 732 1646 illi,
774 1586 871 1648 quam
913 1586 1009 1648 supra
1041 1566 1143 1630 Bruto
1180 1567 1394 1630 attribuimus.

218 1672 332 1754 Itaque
355 1692 420 1734 nou
443 1673 572 1736 videtur
604 1691 673 1735 esse
703 1673 847 1756 ineptum
877 1673 936 1734 hoc
968 1687 1097 1757 quoque
1129 1693 1259 1738 carmen
1292 1674 1394 1736 eidem

219 1778 328 1840 Ovidii
352 1781 453 1842 amico
477 1779 619 1842 inscribi.
667 1778 759 1854 erod
783 1800 823 1842 ne
847 1779 1018 1858 faciamus,
1051 1801 1115 1843 non
1139 1801 1176 1844 eo
1200 1781 1398 1864 impedimur

219 1886 304 1967 quod
335 1887 369 1947 in
406 1887 462 1949 illa
498 1888 600 1970 elegia
629 1886 707 1970 (111,
744 1889 796 1961 141
830 1888 947 1950 iterum
983 1887 1282 1971 Metamorphoseon
1316 1907 1396 1970 opus

220 1998 489 2056 commemoratur
514 1999 544 2056 et
568 1994 818 2057 commendatur.
866 1993 937 2056 Illic
957 1995 1043 2056 enim
1068 1994 1106 2057 de
1129 2000 1194 2057 tota
1218 1995 1398 2056 carminum

219 2119 352 2161 suorum
376 2099 470 2162 turba
495 2100 631 2162 O'ridius
656 2101 733 2164 dicit
757 2106 787 2162 et
810 2102 923 2183 paucis
954 2099 1103 2163 versibus
1126 2099 1397 2184 Metamorphoses

219 2208 355 2289 attingit.
401 2205 555 2269 Nostrum
582 2213 689 2270 autem
708 2226 837 2270 carmen
860 2213 1016 2290 tanquam
1035 2207 1264 2290 praefationem
1287 2208 1397 2271 eodem

218 2319 360 2396 tempore
384 2314 535 2396 scriptam
560 2334 624 2397 quo
649 2313 730 2376 illud
754 2334 834 2396 opus
861 2314 899 2377 ab
931 2313 1037 2378 Ovidii
1062 2316 1174 2377 amicis
1197 2313 1398 2397 publicatum

219 2421 270 2499 sit,
295 2439 365 2484 esse
388 2439 565 2501 censemus
590 2440 761 2503 quamque,
785 2423 847 2483 nisi
873 2422 912 2483 ad
937 2442 1039 2484 uuum
1064 2440 1225 2504 quemque
1248 2422 1399 2484 lectorem

222 2546 292 2590 eam
316 2528 427 2590 referri
457 2528 619 2590 malumus
630 2529 670 2608 ¹),
699 2533 783 2590 certe
813 2527 914 2590 Bruto
942 2548 1008 2590 non
1035 2547 1166 2610 prorsus
1193 2529 1301 2610 inepte
1333 2529 1400 2590 ins-

219 2634 388 2696 cubemus

733 2917 881 3001 Carus.

309 3111 358 3176 De
381 3113 440 3198 hoc
461 3113 564 3195 virol)
588 3134 750 3196 nusquam
769 3116 845 3178 alibi
866 3115 952 3198 apud
970 3121 1094 3178 veteres
1115 3117 1285 3198 scriptores
1306 3116 1398 3198 quid·

221 3241 318 3304 quam
348 3221 502 3283 traditum
535 3240 604 3284 esse
636 3226 773 3302 constat,
801 3223 865 3284 nisi
895 3224 929 3284 in
959 3221 1066 3284 Ovidii
1100 3221 1310 3302 carminibus,
1341 3221 1398 3284 ubi

221 3328 358 3412 epistula
383 3346 423 3389 ex
447 3327 550 3390 Ponto
575 3327 638 3408 IV,
670 3330 708 3391 13
739 3328 779 3390 ad
803 3328 920 3390 Carum
951 3329 1049 3391 missa
1073 3334 1120 3390 est
1143 3333 1174 3390 et
1196 3330 1231 3390 in
1256 3328 1399 3391 eiusdem

220 3436 295 3497 libri
319 3435 462 3497 carmine
489 3437 528 3496 16
552 3436 637 3496 inter
659 3441 769 3517 poetas
788 3437 939 3518 aequales
963 3456 981 3498 a
1003 3440 1097 3518 poeta
1117 3441 1225 3530 nostro
1250 3435 1302 3497 hic
1322 3454 1400 3516 quo-

222 3561 285 3624 que
309 3542 432 3604 amicus
456 3542 613 3603 laudatur.
660 3538 711 3604 Ex
735 3544 848 3625 primis
872 3543 960 3606 illius
980 3542 1136 3625 epistulae
1159 3540 1307 3605 versibus
1327 3559 1400 3623 cog-

222 3649 385 3710 noscimus
409 3667 483 3710 emu
508 3646 623 3710 Oridio
647 3650 788 3712 amicum
810 3669 886 3712 rere
911 3669 1020 3712 carum
1044 3668 1078 3711 se
1102 3647 1288 3730 praebuisse
1312 3647 1399 3710 etin

222 3774 356 3818 munero
381 3754 539 3817 sodalium
568 3775 633 3818 non
663 3755 835 3819 dubiorum
863 3756 971 3819 fuisse.
1018 3753 1168 3817 Eundem
1198 3760 1304 3817 autem
1333 3774 1401 3816 car·

296 3931 314 3998 ¹)
334 3930 407 3984 Huic
425 3933 516 3984 tamen
535 3933 686 3985 sententiae
705 3949 855 4000 repugnare
875 3932 986 3984 ridetur
1004 3931 1116 3984 initium
1135 3930 1254 4000 elegiae,
1274 3930 1345 3998 quod
1365 3929 1399 3982 ad

223 4024 328 4073 certum
348 4021 483 4087 quendam
503 4021 622 4075 amicum
640 4020 791 4073 verisimile
810 4025 859 4072 est.
898 4021 1013 4074 Nostrae
1028 4023 1120 4074 autern
1139 4035 1192 4073 non
1210 4020 1309 4080 obstat,
1329 4018 1400 4086 quod

223 4113 303 4162 11112
328 4113 406 4177 poeta
430 4109 605 4164 allocutione:
631 4109 741 4162 »lector«
765 4113 807 4162 cst
830 4125 909 4164 usus.
938 4126 1001 4162 nam
1025 4109 1151 4162 ridemus
1176 4108 1291 4176 exempli
1318 4124 1401 4161 causa

224 4199 352 4251 ttridium
372 4197 456 4251 simili
476 4199 552 4252 modo
571 4199 600 4252 in
620 4199 749 4266 epistulis
773 4199 806 4252 ad
825 4199 927 4252 cuncos
946 4199 1056 4265 scriptis
1076 4201 1231 4268 Augustum
1256 4213 1315 4250 esse
1334 4195 1400 4250 ullo-

224 4293 325 4341 cutum.

296 4377 317 4442 ²)
336 4376 480 4430 Teuffel.
509 4376 539 4430 R.
561 4377 590 4430 L.
611 4377 734 4439 612112,
755 4382 778 4429 7.
798 4393 856 4446 pag.
879 4382 937 4430 538.
