3252 4960
737 1261 849 1344 Vita.

293 1519 396 1583 Natus
420 1539 491 1581 sum
516 1516 697 1580 Balduinus
721 1512 857 1576 Loreutz
882 1535 906 1575 a.
933 1513 960 1574 d.
985 1512 1031 1574 IV
1056 1492 1183 1574 Calend.
1207 1509 1377 1573 Novembr.

207 1629 281 1691 anni
305 1628 334 1688 h.
360 1647 382 1688 s.
406 1624 480 1686 LVI
504 1611 698 1706 Isenbcrgae
722 1623 755 1683 in
780 1621 865 1691 urbe,
884 1619 1263 1702 Saxo-Altenburgensi,
1290 1623 1379 1700 patre

204 1735 340 1798 Ernesto
361 1733 483 1812 Catule,
501 1737 603 1793 matre
623 1729 752 1792 RosalIa
776 1749 792 1791 e
811 1733 905 1810 gente
925 1727 1077 1806 Schmidt,
1098 1726 1215 1808 quibus
1235 1726 1379 1806 utrisque

204 1843 328 1925 gaudeo
352 1840 444 1901 vivis.
492 1837 582 1900 Fidei
608 1837 755 1900 addictus
779 1856 850 1898 sum
876 1836 1087 1918 evangelicae.
1143 1832 1223 1896 Cum
1251 1837 1379 1895 0011111111

204 2073 302 2137 prope
332 2051 572 2134 Altenburgum
605 2053 666 2114 sito
702 2051 902 2133 praepositus
937 2056 992 2112 est.
1050 2049 1168 2112 Primis
1201 2048 1379 2110 litterarum
1485 2050 1487 2053 ’

207 2160 374 2224 elementis
406 2160 585 2221 instructus
618 2177 703 2220 anuo
732 2158 761 2219 h.
787 2177 809 2219 0.
833 2155 945 2219 LXIX
974 2158 1005 2218 in
1031 2157 1236 2239 gymnasium
1269 2153 1381 2216 Alten-
1498 2227 1500 2232 Ι

204 2267 370 2350 burgense
389 2271 535 2348 receptus
560 2285 647 2344 sum,
679 2265 765 2348 quod
798 2269 947 2347 percote
979 2283 1079 2325 annos
1107 2263 1309 2344 frequentavi
1334 2261 1381 2322 di-

205 2373 383 2437 rectoribus
418 2392 495 2434 usus
535 2373 676 2454 primum
713 2371 855 2434 Hernico
897 2370 1048 2433 Eduardo
1090 2369 1199 2432 Vossie
1234 2367 1277 2450 11)
1324 2387 1380 2429 11111

205 2481 341 2544 Ernesto
360 2479 493 2542 Alberto
517 2478 678 2558 Richtero,
704 2479 822 2561 quibus
846 2498 947 2560 aeque
972 2497 1008 2540 00
1032 2478 1145 2540 0010110
1169 2476 1266 2537 huius
1289 2495 1381 2557 gym-

178 2593 179 2597 ’
205 2589 286 2650 110011
311 2585 572 2670 praeceptoribus
596 2607 647 2649 mc
682 2587 860 2669 plurimum
891 2585 1006 2648 debere
1045 2583 1182 2646 libenter
1222 2582 1380 2666 profiteor.

176 2745 179 2749 .
205 2693 398 2758 Maturitatis
418 2694 639 2756 testimonium
660 2693 794 2776 adeptus
812 2713 888 2756 vere
908 2694 984 2756 anni
1004 2693 1033 2754 11.
1051 2712 1073 2754 0.
1089 2689 1248 2752 LXXVII
1265 2688 1379 2752 Jenam

204 2799 363 2880 profectus
393 2821 479 2881 sum,
512 2807 548 2865 ut
577 2802 612 2863 in
644 2800 750 2862 studia
778 2801 970 2883 philologica
1000 2797 1238 2876 incumberent,
1270 2796 1381 2878 ibique

205 2924 263 2986 per
285 2905 346 2966 tria
370 2912 534 2972 semestris
559 2908 711 2971 decentes
735 2906 847 2968 audivi
870 2907 1064 2989 professores
1089 2905 1289 2968 doctissimos
1307 2901 1382 2966 Del-

206 3011 317 3092 briielr,
336 3011 479 3093 Iluclren,
497 3013 617 3095 Rohde,
637 3016 675 3076 A.
696 3013 851 3094 Schmidt,
870 3012 911 3074 M.
931 3012 1084 3092 Schmidt,
1103 3011 1237 3074 Sievers.
1271 3009 1382 3074 Mense

208 3115 333 3180 Octobr.
367 3121 443 3181 anni
472 3120 501 3181 11.
531 3140 555 3182 s.
587 3119 765 3183 LXXVIII
797 3119 939 3202 Lipsiam
966 3140 1017 3184 me
1050 3120 1171 3182 contuli
1201 3125 1237 3182 ut
1265 3117 1403 3180 scholis·

206 3225 393 3288 interessem
416 3227 559 3289 virorum
582 3225 874 3291 illustrissimorum
895 3227 1034 3307 Braune,
1058 3225 1197 3306 Curtius,
1221 3225 1382 3304 Echstein,

207 3329 300 3412 Geta,
332 3331 470 3413 Heinze,
502 3332 718 3410 Hildebrand,
751 3334 876 3417 Lange,
909 3333 1052 3416 lipsius,
1084 3333 1244 3412 Ribbeck,
1275 3331 1381 3414 Voigt,

207 3437 357 3502 Zarncke.
406 3437 475 3514 Qua
498 3441 533 3502 in
557 3441 765 3521 universitate
788 3461 892 3503 unum
920 3460 977 3522 per
1005 3445 1156 3504 semestre
1187 3441 1382 3522 [1100001100-

206 3546 291 3608 rium
321 3546 567 3630 philologicum,
600 3547 685 3630 quod
716 3547 745 3610 J.
769 3547 898 3630 Lipsius
921 3548 1019 3629 regit,
1046 3547 1248 3630 frequentavi
1280 3553 1311 3609 01
1342 3545 1381 3608 ab

208 3658 381 3716 auctumno
406 3655 483 3716 anni
507 3654 580 3718 hs.
604 3653 759 3734 LXXIX,
784 3673 858 3716 cum
882 3673 985 3716 uuum
1009 3659 1160 3718 semestre
1184 3654 1302 3717 sodalis
1327 3673 1382 3716 ex-

207 3759 437 3823 traordinarius
469 3762 754 3825 exercitationibus
784 3761 1017 3842 interfuissem,
1048 3781 1151 3823 unum
1179 3781 1237 3843 per
1259 3780 1382 3823 annum

209 3863 325 3928 sodalis
350 3867 533 3931 ordinarius
553 3869 716 3932 seminarii
740 3868 821 3952 regii
840 3868 1025 3951 philologici
1050 3889 1068 3930 a
1091 3869 1169 3931 viris
1189 3868 1383 3931 humanissi-

208 3969 268 4031 mis
294 3970 329 4032 G.
354 3972 481 4054 Curtio,
511 3974 544 4037 L.
570 3974 708 4059 Laugic,
733 3975 767 4038 Ο.
791 3975 969 4040 Ribbeckio
994 3977 1160 4058 temperati
1183 3977 1239 4038 fui.
1286 3974 1381 4038 Prae·

207 4083 294 4161 terea
317 4098 335 4140 a
357 4078 391 4140 L.
414 4081 536 4166 Langio
561 4082 819 4176 insacietatem,
842 4085 877 4146 in
902 4105 966 4166 qua
990 4083 1196 4165 antiquitates
1220 4081 1382 4146 Romanae

207 4191 397 4266 tractantur,
428 4193 459 4250 et
482 4188 521 4251 ab
547 4188 582 4252 Ο.
607 4189 783 4254 Ribbeclrio
808 4193 842 4254 in
872 4192 1053 4254 societatem
1078 4175 1304 4273 phil'ologicam
1333 4210 1382 4252 10-

208 4300 319 4375 ceptus
349 4313 436 4374 suin,
471 4316 608 4377 quarum
641 4299 677 4360 in
707 4299 763 4362 illa
790 4300 866 4379 tria,
899 4299 932 4360 in
961 4297 1020 4360 hac
1052 4304 1189 4380 quatuor
1217 4297 1382 4360 semestria

158 4428 160 4432 ·
207 4420 319 4484 usque.
346 4401 387 4464 ad
419 4401 481 4465 hoc
503 4407 630 4487 tempus
653 4425 770 4489 magno
795 4423 869 4470 cum
892 4405 1000 4470 fructu
1024 4411 1055 4468 et
1077 4405 1194 4493 gaudio
1215 4404 1382 4473 0000011111
