3252 4960
644 343 909 427 '-aa--

208 563 237 624 p.
268 540 338 604 Chr.
368 544 409 606 35
438 543 538 606 l'uisse
566 541 741 606 Heuzeuus
751 544 774 622 1)
807 547 893 605 recte
925 540 1054 603 videtur
1087 558 1128 601 ex
1162 555 1198 600 eo
1228 539 1381 614 conicere,

210 650 296 730 quod
314 651 348 712 in
364 650 442 712 actis
462 650 532 712 eius
547 651 620 712 anni
641 651 744 732 primo
763 645 833 712 loco
849 645 1021 730 refertum).
1053 645 1201 708 Mortuus
1216 649 1291 725 erat,
1308 663 1381 706 oum

208 755 329 819 Seneca
353 756 486 839 scripsit.

297 861 371 925 Iam
395 883 471 926 vero
495 863 663 926 redeamus
687 863 727 926 ad
750 862 857 925 Paulli
880 861 971 925 Fabii
985 861 1122 924 Maximi
1145 861 1246 922 vitam
1265 859 1382 921 descri-

211 969 356 1032 bendam.
402 968 501 1032 Hunc
524 971 631 1032 virum
656 991 700 1032 oa.
725 990 847 1033 annmn
871 991 901 1033 u.
926 989 951 1032 c.
977 970 1039 1032 727
1063 970 1098 1030 in
1116 966 1275 1049 Hispania
1296 966 1383 1047 lega-

208 1083 277 1138 tum
309 1075 452 1139 Caesaris
480 1075 579 1138 fuisse
609 1096 650 1140 ex
678 1078 886 1159 inscriptione
913 1075 1142 1139 Tarraconensi
1170 1075 1204 1135 in
1234 1072 1266 1135 C.
1295 1070 1324 1135 J.
1348 1070 1381 1133 1.

208 1184 268 1245 vol.
292 1182 318 1263 Ι,
342 1203 371 1244 n.
396 1185 480 1246 2581
505 1184 740 1266 intellegimus:

716 1287 875 1342 CAESARI

635 1377 800 1432 PAULLUS
818 1377 949 1432 FABIUS

705 1465 890 1524 MAXUMUS

614 1555 777 1610 LEGATUS
796 1554 981 1610 CAESARIS.

207 1647 289 1710 Nam
319 1647 379 1711 hoo
406 1649 476 1711 loco
506 1647 622 1711 Caesar
649 1649 793 1711 nondum
822 1649 991 1731 Augustus
1019 1647 1123 1710 dictiis
1152 1653 1207 1709 est.
1257 1644 1382 1709 Deinde

208 1775 283 1816 cum
306 1755 391 1818 inter
414 1775 536 1818 alinum
561 1776 592 1818 u.
613 1775 637 1818 c.
665 1758 727 1819 739
752 1762 782 1818 et
806 1775 927 1818 annum
953 1755 1016 1817 743
1039 1754 1264 1837 proconsulem
1284 1751 1382 1836 Cypri

206 1863 365 1943 praetoria
389 1862 543 1944 dignitate
566 1861 666 1925 fuisse
689 1863 771 1924 vidit
798 1860 990 1925 Boeolihius.
1040 1860 1080 1922 In
1108 1859 1140 1922 C.
1165 1861 1251 1924 enim
1274 1858 1303 1923 J.
1329 1858 1381 1922 Gr.

206 1967 269 2029 vol.
303 1966 351 2046 ΙΙ,
374 1988 444 2050 pag.
476 1971 538 2031 441
573 1988 603 2031 n.
637 1970 724 2032 2629
762 1967 849 2031 hunc
889 1968 1027 2050 legimus
1059 1967 1204 2030 titulum:
1233 1963 1382 2052 »Μαρκίᾳ

209 2071 367 2137 Φιλίππου
400 2073 555 2159 ζἰίυγατρί,
589 2071 709 2162 οἱυεψιᾷ
741 2073 905 2158 Καίσαρος
938 2073 1015 2140 ‘laos
1048 2077 1226 2154 Σεβαστοῦ,
1256 2069 1383 2155 γυναικί

210 2174 338 2242 Παύλου
356 2179 477 2260 Φαβίου
491 2178 649 2264 Μαξίμου,
669 2185 841 2265 Σεβαστῆς
856 2176 972 2266 Πάφου
990 2175 1011 2265 ἡ
1032 2175 1129 2264 βουλὴ
1148 2178 1205 2246 καί
1224 2175 1239 2243 δ
1259 2183 1381 2264 δῆμοςυ.

208 2286 356 2368 Paphum
403 2296 510 2353 autem
551 2296 762 2374 cognomento
804 2289 946 2372 Augusti
991 2295 1135 2352 ornatam
1182 2308 1251 2353 esse
1298 2309 1381 2354 anno

206 2413 237 2454 n.
263 2414 288 2456 c.
316 2397 377 2459 739
403 2394 531 2459 Cassius
559 2395 621 2459 Dio
649 2396 746 2460 tradit
755 2398 789 2476 3).
837 2394 926 2472 Quae
955 2416 1029 2458 cum
1056 2397 1102 2459 ita
1129 2396 1202 2476 sint,
1229 2395 1381 2458 Paullum

206 2499 388 2566 Maximum
411 2503 577 2586 probabile
601 2509 648 2566 est
672 2505 757 2567 inter
779 2502 867 2566 huno
890 2522 1011 2566 annum
1036 2507 1067 2566 et
1089 2503 1193 2583 illum,
1218 2523 1281 2586 quo
1306 2523 1381 2566 oon-

208 2610 258 2670 sul
281 2609 389 2682 tieret,
416 2611 641 2693 proconsulem
672 2611 769 2695 Cypri
796 2611 910 2690 fuisse,
944 2630 1042 2693 quam
1069 2611 1210 2674 insulam
1237 2610 1313 2674 inde
1342 2609 1381 2672 ab

209 2735 292 2777 anno
324 2737 354 2779 u.
385 2737 409 2778 c.
441 2719 732 2800 732.p1·0uinciam
764 2718 865 2781 fnisse
896 2719 1158 2801 proconsularem
1190 2719 1381 2801 praetoriam

208 2825 372 2903 consta-C).
433 2824 643 2888 Consulattmt
672 2830 780 2888 atatem
808 2845 892 2888 anno
920 2846 951 2888 u.
981 2844 1006 2888 c.
1036 2827 1098 2889 743
1128 2843 1201 2888 eum
1231 2825 1381 2907 adeptum

209 2947 277 2991 esse
288 2949 362 2992 cum
370 2927 505 3004 usello
515 2930 682 2995 Tuberone
693 2932 804 2995 nruiltis
815 2932 1051 2994 demonstratur
1060 2932 1139 2994 locis
1148 2929 1179 3013 5).
1207 2929 1381 2994 Nonnullis

227 3039 377 3137 *bis-1]
389 3041 451 3140 pag.
474 3075 531 3124 tae.

279 3159 300 3220 'Il
319 3159 336 3212 l.
356 3159 373 3211 l.
393 3174 452 3228 pag.
472 3159 605 3212 XXXVI.

278 3247 289 3277 ³
317 3247 365 3300 lib.
384 3248 454 3314 LIV,
473 3264 530 3316 cap.
551 3253 593 3304 23.

278 3339 300 3392 *λ
320 3338 352 3390 of.
372 3337 525 3392 Strabon.
545 3338 606 3392 libr.
625 3338 716 3406 xvii,
735 3355 793 3408 cap.
813 3344 865 3394 840
885 3341 930 3408 (25
948 3339 989 3393 ed.
1008 3338 1094 3408 Mein)
1113 3343 1167 3392 ext.

279 3427 300 3492 ὖ)
320 3426 347 3480 C.
366 3426 390 3480 J.
410 3426 439 3481 L.
459 3427 512 3481 vol.
532 3427 546 3480 Ι
568 3445 594 3481 n.
615 3432 682 3482 799:
711 3429 813 3484 »Paulo
831 3428 914 3483 Fabio
938 3428 968 3494 Q.
988 3427 1066 3481 Aelio
1091 3429 1165 3498 [Thu.
1184 3427 1327 3496 Melicum«
1353 3430 1380 3480 et

208 3531 232 3566 n.
253 3517 305 3568 800
325 3514 480 3583 lRItsohelii
492 3516 614 3570 Menum.
635 3517 689 3570 tab.
703 3517 766 3584 XII,
785 3518 839 3586 nl:
858 3517 929 3572 »Cos
949 3517 1011 3572 aab.
1034 3517 1106 3572 Max.
1125 3517 1203 3571 Aelio
1221 3516 1378 3570 Tuberone«.

207 3602 290 3656 Bull.
311 3603 387 3672 Nap.
408 3622 433 3658 n.
454 3621 474 3659 s.
488 3605 535 3674 Iu,
551 3609 601 3660 101)Ι
612 3631 646 3651 --
657 3604 860 3660 Willmanns
872 3605 890 3660 l.
904 3606 921 3660 l.
935 3607 988 3661 vol.
1002 3607 1015 3660 I
1028 3624 1053 3660 n.
1068 3611 1120 3661 206
1134 3607 1231 3660 titulus
1244 3605 1379 3674 sepulcra·

207 3692 256 3745 lis:
275 3693 479 3748 :2Cl1remantine
498 3695 643 3750 Numisiae
662 3695 783 3748 ornatrix
801 3694 886 3748 obieit
903 3695 943 3749 VI
962 3695 1040 3749 eidus
1064 3695 1156 3749 Octob.
1176 3693 1271 3748 Paullo
1296 3693 1380 3749 Fabio

207 3781 327 3836 Maximo
347 3781 377 3848 Q.
397 3783 474 3838 Aelio
493 3801 555 3851 coa,
575 3800 657 3838 osana
675 3783 798 3838 conlecta
816 3784 918 3837 eisdem
938 3801 991 3839 coe.
1033 3785 1189 3853 Diaphyms
1213 3799 1379 3838 consertae«.

207 3872 350 3926 Cassius
369 3872 429 3927 Dio
448 3872 518 3939 LIV,
537 3878 584 3928 33:
603 3873 659 3926 »ἐπί
672 3892 700 3927 τε
713 3873 826 3927 Κυίντου
839 3873 930 3927 Αἰλίου
943 3873 988 3927 καὶ
1001 3871 1110 3927 Παύλου
1130 3872 1235 3942 Φαβίου
1248 3869 1380 3942 buciaco«,

207 3961 418 4030 saepissimeque
437 3962 466 4015 hi
480 3961 605 4016 consules
624 3965 866 4016 commemorantur
875 3963 904 4015 in
917 3962 1069 4018 Frontini
1087 3961 1148 4016 libr.
1162 3961 1194 4014 de
1208 3962 1285 4030 aquis
1303 3963 1380 4017 urbis

207 4049 308 4104 Romae
327 4050 404 4104 velut
422 4067 445 4106 o.
465 4055 499 4104 99
519 4055 547 4104 et
568 4054 645 4105 100«:
675 4049 719 4117 »Q.
739 4051 818 4106 Aelio
830 4052 967 4107 Tuberone
985 4050 1081 4105 Paullo
1099 4051 1182 4106 Fabio
1200 4038 1396 4107 Maximocos«¹
1491 4049 1493 4055 ’

207 4143 235 4192 et
254 4139 315 4193 aliis
333 4140 400 4194 locis
413 4140 544 4210 legimns:
564 4139 655 4206 »Quod
673 4138 704 4206 Q.
717 4140 813 4194 Aelius
831 4141 933 4195 Tubero
945 4139 1049 4194 Paulus
1061 4138 1163 4194 Fabius
1175 4139 1313 4196 Maximus
1325 4158 1378 4196 cos

207 4228 239 4280 V.
259 4228 288 4282 F.
308 4231 359 4282 eto.
380 4231 447 4298 (cap.
464 4233 523 4295 106,
545 4234 603 4297 108,
626 4233 684 4297 125,
705 4230 773 4299 127).
806 4231 833 4284 C.
847 4230 871 4284 J.
886 4229 934 4283 Gr.
954 4247 980 4284 n.
1000 4233 1067 4285 3971
1082 4229 1112 4282 in
1124 4231 1250 4284 columna
1263 4231 1378 4298 quadam

206 4316 363 4385 Apolloniae
391 4319 523 4388 scriptum
547 4323 601 4372 est:
633 4319 677 4372 aul
697 4320 783 4386 τρίτου
813 4317 929 4390 Παυλλῳ
949 4319 1046 4390 Φαβίῳ
1073 4318 1189 4390 ,Μαξίμῳ
1220 4319 1266 4374 καί
1297 4319 1379 4390 lale

206 4408 355 4477 Ὶόυβίρωυι
373 4405 494 4470 ὑπάτοις.
