3252 4960
612 867 738 951 Cotta
767 867 1037 950 Messalinus,

326 1049 472 1112 Prinnun
497 1048 675 1127 rideamus,
700 1047 856 1130 quidnam
877 1047 916 1110 de
936 1048 1033 1110 huius
1053 1048 1113 1108 riri
1133 1048 1197 1108 rita
1218 1053 1248 1109 et
1269 1047 1412 1110 nitoribus

238 1159 278 1220 sit
302 1141 463 1220 traditum.

327 1263 367 1326 M.
388 1263 538 1326 l'alerius
562 1261 734 1333 Maximus
759 1262 853 1322 ciariis
871 1260 1000 1322 'l'acitus
1026 1261 1055 1321 in
1077 1261 1260 1323 Annalibus
1284 1262 1412 1343 saaepius

239 1371 314 1433 facit
353 1371 551 1433 mentionem
561 1369 600 1450 ¹),
632 1373 722 1450 patre
755 1366 796 1428 M.
833 1367 960 1429 Valerio
993 1365 1130 1430 Messala
1171 1366 1308 1430 Corvino
1356 1387 1413 1430 na-

238 1479 327 1560 tuse),
350 1483 460 1560 postea
483 1475 523 1540 ab
546 1475 681 1538 Aurelio
706 1472 797 1537 Cotta
821 1473 1027 1556 adoptatus-r),
1059 1493 1100 1536 nc
1123 1493 1203 1557 gens
1226 1474 1412 1554 clarissima,

239 1605 278 1647 ex
294 1605 359 1667 qua
373 1590 476 1647 mater
491 1589 558 1646 erat
573 1587 641 1645 orta
663 1582 821 1664 cuiusque
841 1579 933 1642 nulla
952 1586 1118 1662 supererat
1136 1581 1250 1664 proles,
1264 1581 1412 1644 funditus

238 1692 508 1774 exstingueretur,
531 1691 567 1752 in
586 1687 753 1751 Aureliam
774 1685 937 1750 Cottarum
962 1687 1117 1750 familiam
1138 1690 1271 1752 transiit.
1309 1687 1413 1763 Quam

237 1799 277 1860 ad
310 1817 379 1862 rem
412 1795 561 1866 Ovidius
580 1798 649 1878 ipse
682 1801 804 1879 spectat
836 1796 869 1856 in
904 1796 994 1876 epist.
1028 1815 1069 1857 ex
1097 1793 1200 1858 Ponto
1231 1795 1290 1876 III,
1321 1797 1341 1858 2
1373 1796 1413 1858 ad

238 1903 361 1967 Cottam
385 1905 492 1984 missa,
515 1903 572 1968 ubi
597 1922 677 1966 vers.
705 1903 766 1965 107
792 1921 856 1984 seq.
880 1901 959 1982 haec
982 1903 1147 1985 legimust.

383 2011 523 2074 »Adiect
502 2015 591 2091 tique
614 2009 750 2092 probent
773 2010 922 2090 genetiva
945 2009 985 2070 ad
1009 2011 1142 2072 nomina
1166 2008 1223 2071 Cot
1211 2013 1324 2088 ttae.

387 2115 421 2180 Si
444 2121 481 2179 tu
505 2135 570 2179 non
594 2135 690 2197 esses,
713 2117 824 2178 interit
825 2134 884 2178 ura
908 2115 1048 2178 domus«

330 2221 399 2296 Quo
437 2222 522 2286 facto
561 2221 602 2286 Μ.
635 2222 791 2286 Aurelius
824 2221 915 2285 Cotta
948 2221 1112 2285 Maximus
1145 2169 1324 2305 appellatus
1357 2228 1413 2285 est

239 2329 408 2393 Praeterea
424 2329 523 2394 fratre
542 2350 600 2394 suo
620 2329 662 2392 M
681 2329 812 2392 Valerio
832 2327 971 2392 Corvino
991 2327 1163 2392 Messalino
1182 2335 1267 2392 mort
1269 2350 1318 2409 uo,
1338 2348 1413 2391 eum

238 2455 416 2520 cognomen
454 2436 516 2500 sibi
557 2438 770 2520 assumpsisse
811 2435 993 2516 Messalini,
1033 2435 1178 2500 Velleius
1223 2435 1284 2499 Pat
1284 2435 1414 2500 erardus

236 2546 269 2606 in
295 2543 365 2606 libr.
389 2543 423 2606 ΙΙ
447 2564 513 2627 cap.
546 2546 608 2608 112
632 2548 741 2606 narrat
743 2543 775 2624 5).
831 2541 880 2606 De
913 2544 1029 2627 magist
1030 2549 1078 2606 rat
1016 2543 1152 2607 ttibus
1186 2549 1240 2606 aut
1242 2562 1293 2606 em
1316 2543 1414 2605 hrrius

236 2653 299 2712 viri
329 2671 408 2713 runn
439 2651 518 2732 quid
547 2632 641 2713 nobis
670 2652 768 2714 tradit
756 2658 824 2714 tum
854 2652 904 2728 sit,
935 2650 997 2712 viri
1021 2651 1105 2713 docti
1130 2649 1222 2713 dubit
1210 2650 1355 2733 tantm)
1339 2646 1414 2713 ctum

310 2847 329 2912 1)
348 2845 378 2898 in
396 2846 465 2898 Ann.
485 2845 521 2911 Π,
540 2848 583 2900 3⁶2.
602 2844 649 2912 IV,
670 2849 711 2899 ⁶20.
732 2845 765 2912 V,
785 2851 809 2898 3.
832 2845 876 2911 l'I,
897 2850 920 2898 b.
941 2851 964 2896 b'.
986 2849 1009 2898 7.
1030 2843 1094 2912 XII,
1113 2849 1155 2898 32.

308 2935 329 3002 ²)
348 2934 381 2986 de
401 2950 453 3002 quo
472 2950 497 2986 r.
517 2931 663 2987 Masson.
691 2934 709 2987 1.
729 2933 746 2986 1.
766 2950 826 3003 pag.
846 2939 880 2988 76
900 2950 954 3002 seq.
975 2937 1003 2985 ot
1021 2933 1141 3002 Pauly.
1162 2934 1299 3002 encyclop.
1321 2951 1342 2988 s.
1362 2952 1389 2986 r.

307 3023 328 3090 ³)
348 3026 379 3076 ut
398 3023 481 3076 tradit
499 3021 634 3076 scholium
653 3023 687 3076 ad
706 3023 793 3076 Persii
813 3025 887 3076 satir.
909 3023 944 3090 II,
964 3027 1012 3076 72:

433 3129 518 3194 »Quin
537 3130 634 3183 damus
653 3130 681 3182 id
700 3131 815 3198 superis,
835 3131 867 3182 do
887 3146 985 3199 magna
1005 3130 1075 3198 quod
1095 3130 1157 3182 dare
1176 3129 1253 3182 lance

432 3217 493 3272 Non
512 3218 599 3286 possit
617 3220 707 3288 magni
727 3219 860 3273 Messalae
879 3220 953 3288 lippa
972 3235 1109 3287 propago«.

236 3325 282 3377 ubi
303 3326 414 3378 adnotat
433 3325 595 3379 scholiasta:
616 3325 826 3381 >›Pc1·Messalao
840 3331 931 3380 autom
945 3327 1118 3395 propaginum
1132 3342 1176 3378 oos
1189 3327 1250 3378 vult
1264 3327 1414 3381 ostendero.

237 3414 283 3482 qui
303 3431 357 3467 non
375 3429 444 3481 pma
463 3416 631 3470 conscientia
650 3416 703 3470 diis
722 3417 883 3471 sacrificant.
921 3415 974 3468 Hic
993 3421 1084 3470 autern
1111 3415 1216 3469 Cottam
1235 3415 1415 3468 Messalinum

236 3503 311 3569 dicit,
337 3503 461 3571 quitum
486 3503 600 3558 vitiosos
624 3505 715 3559 oculos
739 3505 768 3557 in
794 3508 936 3558 senectute
960 3506 1066 3571 habuit,
1095 3508 1126 3558 ut
1144 3504 1288 3573 palpebrae
1307 3505 1366 3557 eius
1386 3505 1414 3556 in

236 3593 398 3646 exteriorem
415 3595 518 3660 partem
538 3596 717 3647 rorter·entm·.
755 3593 819 3646 Fuit
839 3596 931 3647 autem
951 3598 978 3646 et
998 3594 1093 3646 multis
1113 3594 1220 3646 deditus
1239 3593 1324 3646 vitiis.
1362 3593 1414 3646 Hic

237 3682 270 3736 ah
296 3681 407 3734 Aurelio
435 3681 513 3736 Cotta
540 3684 684 3750 adoptatus
712 3681 749 3735 M.
778 3681 908 3736 Aurelius
936 3682 1074 3736 Maximus
1103 3684 1259 3749 recabatur,
1284 3683 1415 3751 originem

238 3771 349 3824 trahens
369 3787 385 3823 a
404 3770 511 3824 Valerio
529 3771 657 3838 Messala,
677 3772 724 3840 qui
743 3772 843 3838 septies
863 3771 916 3823 luit
935 3772 1029 3825 consul
1049 3775 1100 3825 otc.

310 3861 366 3928 >o
352 3859 384 3913 oi
421 3859 603 3914 Messeni
623 3861 640 3912 l.
661 3876 718 3929 pag
734 3864 790 3913 106.
828 3859 1036 3929 Nipperdey
1065 3860 1200 3914 adTacit.
1231 3863 1298 3913 Arm.
1317 3861 1352 3927 ll,
1372 3868 1414 3916 32.

238 3947 395 4002 Haakh.
388 3967 417 4001 m
436 3948 532 4018 Pauly
552 3949 689 4018 encyclop.
709 3948 761 4003 rol.
781 3949 904 4002 Visoct.
925 3953 1019 4018 ‘Apag
1040 3953 1117 4004 2356
1155 3947 1414 4004 Fricdlacnder:

239 4037 370 4092 Recensio
387 4038 535 4092 anticorum
554 4042 582 4092 ot
595 4039 724 4092 comitum
739 4039 885 4092 Caesarum
905 4055 990 4107 usquc
1009 4039 1041 4092 ad
1056 4038 1149 4092 Seueri
1169 4033 1295 4106 tempora.
1333 4041 1416 4092 Acad.

239 4127 298 4180 Alb.
317 4127 423 4197 Regim.
445 4133 521 4182 1873.
556 4127 596 4183 IV
614 4145 673 4198 pag.
689 4133 752 4182 2=
766 4128 821 4183 siat
797 4127 1080 4197 ttengcsohichterol.
1100 4127 1121 4180 l.
1141 4143 1200 4198 pag.
1221 4133 1281 4183 200

309 4218 330 4286 5)
359 4217 391 4270 oi.
429 4217 636 4286 Nipperdey.
666 4217 684 4271 l.
713 4235 735 4271 c.
791 4217 916 4272 Haalrb.
951 4217 968 4270 l.
998 4233 1021 4270 o.
1068 4215 1318 4272 Friodlaendor
1345 4218 1362 4270 l.
1392 4237 1415 4272 c.

237 4304 417 4360 Matthias
436 4306 545 4360 Koch:
565 4306 824 4376 »Prosopographiae
838 4307 988 4360 Ouidianae
1001 4306 1159 4361 elementa«
1183 4307 1255 4362 Diss
1269 4309 1416 4363 Vrutislav.

236 4393 431 4449 MDCCCLXV
451 4412 511 4466 pag.
531 4399 556 4450 Τ.

1164 4487 1201 4539 1*
