<?xml version="1.0" encoding="UTF-8"?>
<!DOCTYPE html PUBLIC "-//W3C//DTD XHTML 1.0 Transitional//EN"
    "http://www.w3.org/TR/xhtml1/DTD/xhtml1-transitional.dtd">
<html xmlns="http://www.w3.org/1999/xhtml" xml:lang="en" lang="en">
 <head>
  <title>
</title>
<meta http-equiv="Content-Type" content="text/html;charset=utf-8" />
  <meta name='ocr-system' content='tesseract 3.04.00' />
  <meta name='ocr-capabilities' content='ocr_page ocr_carea ocr_par ocr_line ocrx_word'/>
</head>
<body>
  <div class='ocr_page' id='page_1' title='image "./deamicoruminovi00loregoog_0053.png"; bbox 0 0 3252 4960; ppageno 0'>
   <div class='ocr_carea' id='block_1_1' title="bbox 699 353 917 414">
    <p class='ocr_par' dir='ltr' id='par_1_1' title="bbox 699 353 917 414">
     <span class='ocr_line' id='line_1_1' title="bbox 699 353 917 414; baseline 0 -18"><span class='ocrx_word' id='word_1_1' title='bbox 699 353 917 414; x_wconf 72' lang='grc'><strong>-42-</strong></span> 
     </span>
    </p>
   </div>
   <div class='ocr_carea' id='block_1_2' title="bbox 215 529 1396 4248">
    <p class='ocr_par' dir='ltr' id='par_1_2' title="bbox 216 529 1396 826">
     <span class='ocr_line' id='line_1_2' title="bbox 216 529 1395 611; baseline -0.003 -19"><span class='ocrx_word' id='word_1_2' title='bbox 216 530 278 592; x_wconf 94' lang='lat' dir='ltr'>Hic</span> <span class='ocrx_word' id='word_1_3' title='bbox 300 532 386 592; x_wconf 91' lang='lat' dir='ltr'>enim</span> <span class='ocrx_word' id='word_1_4' title='bbox 411 529 547 592; x_wconf 89' lang='lat' dir='ltr'>Ovidius</span> <span class='ocrx_word' id='word_1_5' title='bbox 572 548 606 592; x_wconf 88' lang='lat' dir='ltr'>se</span> <span class='ocrx_word' id='word_1_6' title='bbox 629 535 765 592; x_wconf 86' lang='lat' dir='ltr'>excusat</span> <span class='ocrx_word' id='word_1_7' title='bbox 790 530 829 592; x_wconf 95' lang='lat' dir='ltr'>de</span> <span class='ocrx_word' id='word_1_8' title='bbox 858 529 1106 611; x_wconf 87' lang='lat' dir='ltr'>vituperatione,</span> <span class='ocrx_word' id='word_1_9' title='bbox 1140 546 1237 610; x_wconf 89' lang='lat' dir='ltr'>quam</span> <span class='ocrx_word' id='word_1_10' title='bbox 1265 531 1395 608; x_wconf 87' lang='lat' dir='ltr'>propter</span> 
     </span>
     <span class='ocr_line' id='line_1_3' title="bbox 217 633 1396 719; baseline -0.002 -21"><span class='ocrx_word' id='word_1_11' title='bbox 217 639 358 699; x_wconf 84' lang='lat' dir='ltr'>carmina</span> <span class='ocrx_word' id='word_1_12' title='bbox 382 657 441 700; x_wconf 88' lang='lat' dir='ltr'>sua</span> <span class='ocrx_word' id='word_1_13' title='bbox 465 637 622 718; x_wconf 73' lang='lat' dir='ltr'>subierat,</span> <span class='ocrx_word' id='word_1_14' title='bbox 646 655 808 719; x_wconf 89' lang='lat' dir='ltr'>quamque</span> <span class='ocrx_word' id='word_1_15' title='bbox 831 638 900 718; x_wconf 89' lang='lat' dir='ltr'>ipse</span> <span class='ocrx_word' id='word_1_16' title='bbox 932 636 1023 698; x_wconf 92' lang='lat' dir='ltr'>initio</span> <span class='ocrx_word' id='word_1_17' title='bbox 1048 635 1146 697; x_wconf 89' lang='lat' dir='ltr'>huius</span> <span class='ocrx_word' id='word_1_18' title='bbox 1170 633 1324 716; x_wconf 80' lang='lat' dir='ltr'>epistulae</span> <span class='ocrx_word' id='word_1_19' title='bbox 1349 635 1396 696; x_wconf 86' lang='lat' dir='ltr'>ita</span> 
     </span>
     <span class='ocr_line' id='line_1_4' title="bbox 217 745 368 826; baseline 0 -22"><span class='ocrx_word' id='word_1_20' title='bbox 217 745 368 826; x_wconf 87' lang='lat' dir='ltr'>exponit:</span> 
     </span>
    </p>

    <p class='ocr_par' dir='ltr' id='par_1_3' title="bbox 346 846 1280 928">
     <span class='ocr_line' id='line_1_5' title="bbox 346 846 1280 928; baseline -0.002 -16"><span class='ocrx_word' id='word_1_21' title='bbox 346 849 460 924; x_wconf 79' lang='lat' dir='ltr'>»Quod</span> <span class='ocrx_word' id='word_1_22' title='bbox 485 852 526 912; x_wconf 87' lang='lat' dir='ltr'>sit</span> <span class='ocrx_word' id='word_1_23' title='bbox 556 852 591 912; x_wconf 91' lang='lat' dir='ltr'>in</span> <span class='ocrx_word' id='word_1_24' title='bbox 620 851 670 912; x_wconf 92' lang='lat' dir='ltr'>bis</span> <span class='ocrx_word' id='word_1_25' title='bbox 694 851 807 914; x_wconf 87' lang='lat' dir='ltr'>eadem</span> <span class='ocrx_word' id='word_1_26' title='bbox 830 849 998 928; x_wconf 86' lang='lat' dir='ltr'>sententia,</span> <span class='ocrx_word' id='word_1_27' title='bbox 1021 847 1131 927; x_wconf 82' lang='lat' dir='ltr'>Brute,</span> <span class='ocrx_word' id='word_1_28' title='bbox 1153 846 1280 927; x_wconf 89' lang='lat' dir='ltr'>libellis,</span> 
     </span>
    </p>

    <p class='ocr_par' dir='ltr' id='par_1_4' title="bbox 348 955 1170 1040">
     <span class='ocr_line' id='line_1_6' title="bbox 348 955 1170 1040; baseline -0.001 -21"><span class='ocrx_word' id='word_1_29' title='bbox 348 956 499 1020; x_wconf 85' lang='lat' dir='ltr'>Carmina</span> <span class='ocrx_word' id='word_1_30' title='bbox 523 957 630 1019; x_wconf 88' lang='lat' dir='ltr'>nescio</span> <span class='ocrx_word' id='word_1_31' title='bbox 656 977 753 1040; x_wconf 92' lang='lat' dir='ltr'>quem</span> <span class='ocrx_word' id='word_1_32' title='bbox 777 976 907 1040; x_wconf 89' lang='lat' dir='ltr'>carpere</span> <span class='ocrx_word' id='word_1_33' title='bbox 930 961 1039 1018; x_wconf 88' lang='lat' dir='ltr'>nostra</span> <span class='ocrx_word' id='word_1_34' title='bbox 1062 955 1170 1019; x_wconf 84' lang='lat' dir='ltr'>refers.</span> 
     </span>
    </p>

    <p class='ocr_par' dir='ltr' id='par_1_5' title="bbox 346 1062 1151 1147">
     <span class='ocr_line' id='line_1_7' title="bbox 346 1062 1151 1147; baseline -0.001 -22"><span class='ocrx_word' id='word_1_35' title='bbox 346 1062 400 1126; x_wconf 84' lang='lat' dir='ltr'>Ni]</span> <span class='ocrx_word' id='word_1_36' title='bbox 425 1065 488 1126; x_wconf 92' lang='lat' dir='ltr'>nisi</span> <span class='ocrx_word' id='word_1_37' title='bbox 512 1084 563 1126; x_wconf 89' lang='lat' dir='ltr'>me</span> <span class='ocrx_word' id='word_1_38' title='bbox 587 1070 672 1126; x_wconf 89' lang='lat' dir='ltr'>terra</span> <span class='ocrx_word' id='word_1_39' title='bbox 695 1063 785 1126; x_wconf 89' lang='lat' dir='ltr'>fruar</span> <span class='ocrx_word' id='word_1_40' title='bbox 808 1071 844 1125; x_wconf 92' lang='lat' dir='ltr'>ut</span> <span class='ocrx_word' id='word_1_41' title='bbox 867 1064 1014 1147; x_wconf 91' lang='lat' dir='ltr'>propiore</span> <span class='ocrx_word' id='word_1_42' title='bbox 1038 1081 1151 1146; x_wconf 88' lang='lat' dir='ltr'>rogare</span> 
     </span>
    </p>

    <p class='ocr_par' dir='ltr' id='par_1_6' title="bbox 347 1169 1179 1253">
     <span class='ocr_line' id='line_1_8' title="bbox 347 1169 1179 1253; baseline -0.008 -19"><span class='ocrx_word' id='word_1_43' title='bbox 347 1170 388 1234; x_wconf 86' lang='lat' dir='ltr'>Et</span> <span class='ocrx_word' id='word_1_44' title='bbox 411 1191 508 1253; x_wconf 90' lang='lat' dir='ltr'>quam</span> <span class='ocrx_word' id='word_1_45' title='bbox 532 1172 592 1232; x_wconf 88' lang='lat' dir='ltr'>sim</span> <span class='ocrx_word' id='word_1_46' title='bbox 618 1170 716 1232; x_wconf 92' lang='lat' dir='ltr'>denso</span> <span class='ocrx_word' id='word_1_47' title='bbox 740 1172 865 1233; x_wconf 90' lang='lat' dir='ltr'>cinctus</span> <span class='ocrx_word' id='word_1_48' title='bbox 889 1169 928 1232; x_wconf 89' lang='lat' dir='ltr'>ab</span> <span class='ocrx_word' id='word_1_49' title='bbox 953 1170 1043 1232; x_wconf 91' lang='lat' dir='ltr'>hoste</span> <span class='ocrx_word' id='word_1_50' title='bbox 1066 1169 1179 1252; x_wconf 79' lang='lat' dir='ltr'>loqui«</span> 
     </span>
    </p>

    <p class='ocr_par' dir='ltr' id='par_1_7' title="bbox 218 1276 1395 2105">
     <span class='ocr_line' id='line_1_9' title="bbox 307 1276 1393 1341; baseline 0 -3"><span class='ocrx_word' id='word_1_51' title='bbox 307 1276 480 1341; x_wconf 90' lang='lat' dir='ltr'>Profitetur</span> <span class='ocrx_word' id='word_1_52' title='bbox 504 1283 610 1340; x_wconf 90' lang='lat' dir='ltr'>autem</span> <span class='ocrx_word' id='word_1_53' title='bbox 639 1278 672 1340; x_wconf 92' lang='lat' dir='ltr'>id</span> <span class='ocrx_word' id='word_1_54' title='bbox 696 1297 761 1339; x_wconf 93' lang='lat' dir='ltr'>non</span> <span class='ocrx_word' id='word_1_55' title='bbox 789 1277 894 1340; x_wconf 89' lang='lat' dir='ltr'>solum</span> <span class='ocrx_word' id='word_1_56' title='bbox 917 1278 1032 1338; x_wconf 89' lang='lat' dir='ltr'>vitium</span> <span class='ocrx_word' id='word_1_57' title='bbox 1058 1277 1236 1338; x_wconf 81' lang='lat' dir='ltr'>carminum</span> <span class='ocrx_word' id='word_1_58' title='bbox 1261 1296 1393 1339; x_wconf 91' lang='lat' dir='ltr'>suorum</span> 
     </span>
     <span class='ocr_line' id='line_1_10' title="bbox 219 1382 1395 1468; baseline 0.001 -23"><span class='ocrx_word' id='word_1_59' title='bbox 219 1403 288 1446; x_wconf 86' lang='lat' dir='ltr'>esse</span> <span class='ocrx_word' id='word_1_60' title='bbox 313 1391 344 1446; x_wconf 89' lang='lat' dir='ltr'>et</span> <span class='ocrx_word' id='word_1_61' title='bbox 367 1403 437 1448; x_wconf 87' lang='lat' dir='ltr'>sese</span> <span class='ocrx_word' id='word_1_62' title='bbox 459 1386 567 1468; x_wconf 89' lang='lat' dir='ltr'>ipsum</span> <span class='ocrx_word' id='word_1_63' title='bbox 590 1404 702 1448; x_wconf 86' lang='lat' dir='ltr'>eorum</span> <span class='ocrx_word' id='word_1_64' title='bbox 728 1385 843 1447; x_wconf 86' lang='lat' dir='ltr'>delicta</span> <span class='ocrx_word' id='word_1_65' title='bbox 867 1385 983 1446; x_wconf 86' lang='lat' dir='ltr'>videre.</span> <span class='ocrx_word' id='word_1_66' title='bbox 1014 1395 1054 1464; x_wconf 69' lang='lat' dir='ltr'>qv.</span> <span class='ocrx_word' id='word_1_67' title='bbox 1080 1385 1099 1444; x_wconf 84' lang='lat' dir='ltr'>o</span> <span class='ocrx_word' id='word_1_68' title='bbox 1124 1382 1210 1466; x_wconf 86' lang='lat' dir='ltr'>seq).</span> <span class='ocrx_word' id='word_1_69' title='bbox 1256 1383 1335 1446; x_wconf 82' lang='lat' dir='ltr'>Tum</span> <span class='ocrx_word' id='word_1_70' title='bbox 1360 1403 1395 1446; x_wconf 87' lang='lat' dir='ltr'>se</span> 
     </span>
     <span class='ocr_line' id='line_1_11' title="bbox 218 1489 1395 1574; baseline 0.001 -23"><span class='ocrx_word' id='word_1_71' title='bbox 218 1497 333 1573; x_wconf 90' lang='lat' dir='ltr'>purgat</span> <span class='ocrx_word' id='word_1_72' title='bbox 362 1490 402 1554; x_wconf 89' lang='lat' dir='ltr'>de</span> <span class='ocrx_word' id='word_1_73' title='bbox 432 1491 578 1554; x_wconf 85' lang='lat' dir='ltr'>versibus</span> <span class='ocrx_word' id='word_1_74' title='bbox 602 1493 669 1554; x_wconf 89' lang='lat' dir='ltr'>suis</span> <span class='ocrx_word' id='word_1_75' title='bbox 692 1512 807 1574; x_wconf 88' lang='lat' dir='ltr'>parum</span> <span class='ocrx_word' id='word_1_76' title='bbox 832 1491 982 1574; x_wconf 84' lang='lat' dir='ltr'>expolitis</span> <span class='ocrx_word' id='word_1_77' title='bbox 1014 1497 1045 1552; x_wconf 88' lang='lat' dir='ltr'>ct</span> <span class='ocrx_word' id='word_1_78' title='bbox 1068 1489 1246 1552; x_wconf 82' lang='lat' dir='ltr'>elaboratis.</span> <span class='ocrx_word' id='word_1_79' title='bbox 1293 1489 1395 1572; x_wconf 82' lang='lat' dir='ltr'>Saepe</span> 
     </span>
     <span class='ocr_line' id='line_1_12' title="bbox 219 1581 1394 1680; baseline 0.001 -23"><span class='ocrx_word' id='word_1_80' title='bbox 219 1599 305 1658; x_wconf 87' lang='lat' dir='ltr'>enim</span> <span class='ocrx_word' id='word_1_81' title='bbox 340 1617 373 1659; x_wconf 90' lang='lat' dir='ltr'>se</span> <span class='ocrx_word' id='word_1_82' title='bbox 406 1597 490 1660; x_wconf 85' lang='lat' dir='ltr'>velle</span> <span class='ocrx_word' id='word_1_83' title='bbox 523 1598 653 1680; x_wconf 78' lang='lat' dir='ltr'>aliquod</span> <span class='ocrx_word' id='word_1_84' title='bbox 687 1604 813 1660; x_wconf 88' lang='lat' dir='ltr'>mutare</span> <span class='ocrx_word' id='word_1_85' title='bbox 848 1581 981 1660; x_wconf 76' lang='lat' dir='ltr'>verbum</span> <span class='ocrx_word' id='word_1_86' title='bbox 1016 1596 1072 1659; x_wconf 86' lang='lat' dir='ltr'>sed</span> <span class='ocrx_word' id='word_1_87' title='bbox 1104 1596 1229 1659; x_wconf 82' lang='lat' dir='ltr'>viribus</span> <span class='ocrx_word' id='word_1_88' title='bbox 1263 1597 1394 1660; x_wconf 89' lang='lat' dir='ltr'>destitui</span> 
     </span>
     <span class='ocr_line' id='line_1_13' title="bbox 219 1703 1395 1788; baseline 0.001 -24"><span class='ocrx_word' id='word_1_89' title='bbox 219 1704 391 1784; x_wconf 91' lang='lat' dir='ltr'>iudicium,</span> <span class='ocrx_word' id='word_1_90' title='bbox 422 1710 459 1766; x_wconf 95' lang='lat' dir='ltr'>ut</span> <span class='ocrx_word' id='word_1_91' title='bbox 487 1706 593 1787; x_wconf 85' lang='lat' dir='ltr'>pigeat</span> <span class='ocrx_word' id='word_1_92' title='bbox 622 1707 781 1788; x_wconf 81' lang='lat' dir='ltr'>corrigere</span> <span class='ocrx_word' id='word_1_93' title='bbox 810 1711 841 1767; x_wconf 89' lang='lat' dir='ltr'>et</span> <span class='ocrx_word' id='word_1_94' title='bbox 868 1703 957 1787; x_wconf 90' lang='lat' dir='ltr'>longi</span> <span class='ocrx_word' id='word_1_95' title='bbox 975 1703 1104 1766; x_wconf 87' lang='lat' dir='ltr'>laboris</span> <span class='ocrx_word' id='word_1_96' title='bbox 1134 1723 1216 1766; x_wconf 92' lang='lat' dir='ltr'>onus</span> <span class='ocrx_word' id='word_1_97' title='bbox 1245 1704 1328 1766; x_wconf 87' lang='lat' dir='ltr'>ferre</span> <span class='ocrx_word' id='word_1_98' title='bbox 1352 1705 1395 1786; x_wconf 84' lang='lat' dir='ltr'>(v.</span> 
     </span>
     <span class='ocr_line' id='line_1_14' title="bbox 222 1810 1394 1893; baseline 0 -22"><span class='ocrx_word' id='word_1_99' title='bbox 222 1810 371 1886; x_wconf 75' lang='lat'>18-20).</span> <span class='ocrx_word' id='word_1_100' title='bbox 425 1810 504 1874; x_wconf 85' lang='lat' dir='ltr'>Fine</span> <span class='ocrx_word' id='word_1_101' title='bbox 542 1817 649 1874; x_wconf 88' lang='lat' dir='ltr'>autem</span> <span class='ocrx_word' id='word_1_102' title='bbox 685 1813 854 1892; x_wconf 78' lang='lat' dir='ltr'>carminiS,</span> <span class='ocrx_word' id='word_1_103' title='bbox 886 1811 964 1893; x_wconf 90' lang='lat' dir='ltr'>quid</span> <span class='ocrx_word' id='word_1_104' title='bbox 1000 1810 1039 1872; x_wconf 88' lang='lat' dir='ltr'>de</span> <span class='ocrx_word' id='word_1_105' title='bbox 1070 1812 1306 1893; x_wconf 72' lang='lat' dir='ltr'>vituperatione</span> <span class='ocrx_word' id='word_1_106' title='bbox 1338 1810 1394 1872; x_wconf 86' lang='lat' dir='ltr'>illa</span> 
     </span>
     <span class='ocr_line' id='line_1_15' title="bbox 219 1918 1395 2002; baseline 0.003 -25"><span class='ocrx_word' id='word_1_107' title='bbox 219 1918 344 1997; x_wconf 91' lang='lat' dir='ltr'>sentiat,</span> <span class='ocrx_word' id='word_1_108' title='bbox 375 1918 592 1981; x_wconf 91' lang='lat' dir='ltr'>demonstrato</span> <span class='ocrx_word' id='word_1_109' title='bbox 616 1921 696 2002; x_wconf 90' lang='lat' dir='ltr'>petit</span> <span class='ocrx_word' id='word_1_110' title='bbox 720 1919 858 1982; x_wconf 89' lang='lat' dir='ltr'>aBruto</span> <span class='ocrx_word' id='word_1_111' title='bbox 882 1920 1019 1998; x_wconf 85' lang='lat' dir='ltr'>veniam,</span> <span class='ocrx_word' id='word_1_112' title='bbox 1046 1918 1132 1998; x_wconf 90' lang='lat' dir='ltr'>quod</span> <span class='ocrx_word' id='word_1_113' title='bbox 1156 1918 1232 1980; x_wconf 88' lang='lat' dir='ltr'>talia</span> <span class='ocrx_word' id='word_1_114' title='bbox 1251 1919 1395 1980; x_wconf 87' lang='lat' dir='ltr'>carmina</span> 
     </span>
     <span class='ocr_line' id='line_1_16' title="bbox 220 2029 407 2105; baseline 0.011 -21"><span class='ocrx_word' id='word_1_115' title='bbox 220 2029 407 2105; x_wconf 85' lang='lat' dir='ltr'>componat:</span> 
     </span>
    </p>

    <p class='ocr_par' dir='ltr' id='par_1_8' title="bbox 379 2117 1248 2321">
     <span class='ocr_line' id='line_1_17' title="bbox 379 2117 1248 2216; baseline 0.007 -28"><span class='ocrx_word' id='word_1_116' title='bbox 379 2129 442 2193; x_wconf 88' lang='lat' dir='ltr'>»Da</span> <span class='ocrx_word' id='word_1_117' title='bbox 464 2133 593 2195; x_wconf 82' lang='lat' dir='ltr'>reniam</span> <span class='ocrx_word' id='word_1_118' title='bbox 618 2117 753 2216; x_wconf 76' lang='lat' dir='ltr'>scriptia,</span> <span class='ocrx_word' id='word_1_119' title='bbox 777 2153 916 2214; x_wconf 90' lang='lat' dir='ltr'>quorum</span> <span class='ocrx_word' id='word_1_120' title='bbox 940 2152 1006 2194; x_wconf 91' lang='lat' dir='ltr'>non</span> <span class='ocrx_word' id='word_1_121' title='bbox 1029 2132 1132 2215; x_wconf 88' lang='lat' dir='ltr'>gloria</span> <span class='ocrx_word' id='word_1_122' title='bbox 1155 2132 1248 2194; x_wconf 89' lang='lat' dir='ltr'>nobis</span> 
     </span>
     <span class='ocr_line' id='line_1_18' title="bbox 380 2236 1060 2321; baseline -0.001 -22"><span class='ocrx_word' id='word_1_123' title='bbox 380 2236 493 2320; x_wconf 83' lang='lat' dir='ltr'>Causa,</span> <span class='ocrx_word' id='word_1_124' title='bbox 517 2240 573 2301; x_wconf 88' lang='lat' dir='ltr'>sed</span> <span class='ocrx_word' id='word_1_125' title='bbox 597 2240 719 2303; x_wconf 88' lang='lat' dir='ltr'>utilitas</span> <span class='ocrx_word' id='word_1_126' title='bbox 744 2239 952 2321; x_wconf 84' lang='lat' dir='ltr'>officiumque</span> <span class='ocrx_word' id='word_1_127' title='bbox 976 2240 1060 2301; x_wconf 81' lang='lat' dir='ltr'>fuit«</span> 
     </span>
    </p>

    <p class='ocr_par' dir='ltr' id='par_1_9' title="bbox 309 2346 1394 2430">
     <span class='ocr_line' id='line_1_19' title="bbox 309 2346 1394 2430; baseline 0 -24"><span class='ocrx_word' id='word_1_128' title='bbox 309 2347 417 2426; x_wconf 81' lang='lat' dir='ltr'>Atque</span> <span class='ocrx_word' id='word_1_129' title='bbox 442 2365 482 2408; x_wconf 89' lang='lat' dir='ltr'>ex</span> <span class='ocrx_word' id='word_1_130' title='bbox 506 2347 618 2409; x_wconf 88' lang='lat' dir='ltr'>tertiae</span> <span class='ocrx_word' id='word_1_131' title='bbox 643 2347 799 2429; x_wconf 88' lang='lat' dir='ltr'>epistulae</span> <span class='ocrx_word' id='word_1_132' title='bbox 824 2347 863 2409; x_wconf 88' lang='lat' dir='ltr'>ad</span> <span class='ocrx_word' id='word_1_133' title='bbox 887 2347 1026 2409; x_wconf 88' lang='lat' dir='ltr'>Brutum</span> <span class='ocrx_word' id='word_1_134' title='bbox 1051 2348 1188 2430; x_wconf 86' lang='lat' dir='ltr'>scriptae</span> <span class='ocrx_word' id='word_1_135' title='bbox 1216 2346 1285 2430; x_wconf 76' lang='lat' dir='ltr'>(IV,</span> <span class='ocrx_word' id='word_1_136' title='bbox 1310 2349 1340 2428; x_wconf 85' lang='lat' dir='ltr'>o)</span> <span class='ocrx_word' id='word_1_137' title='bbox 1364 2365 1394 2430; x_wconf 74' lang='lat' dir='ltr'>y.</span> 
     </span>
    </p>

    <p class='ocr_par' dir='ltr' id='par_1_10' title="bbox 224 2453 367 2532">
     <span class='ocr_line' id='line_1_20' title="bbox 224 2453 367 2532; baseline 0.021 -22"><span class='ocrx_word' id='word_1_138' title='bbox 224 2453 261 2511; x_wconf 82' lang='lat'>17</span> <span class='ocrx_word' id='word_1_139' title='bbox 287 2471 367 2532; x_wconf 87' lang='lat' dir='ltr'>seq:</span> 
     </span>
    </p>

    <p class='ocr_par' dir='ltr' id='par_1_11' title="bbox 377 2557 1233 2644">
     <span class='ocr_line' id='line_1_21' title="bbox 377 2557 1233 2644; baseline 0.008 -29"><span class='ocrx_word' id='word_1_140' title='bbox 377 2557 498 2632; x_wconf 72' lang='lat' dir='ltr'>»Quale</span> <span class='ocrx_word' id='word_1_141' title='bbox 522 2568 630 2624; x_wconf 87' lang='lat' dir='ltr'>tamen</span> <span class='ocrx_word' id='word_1_142' title='bbox 653 2562 754 2644; x_wconf 91' lang='lat' dir='ltr'>potui,</span> <span class='ocrx_word' id='word_1_143' title='bbox 779 2561 817 2624; x_wconf 91' lang='lat' dir='ltr'>de</span> <span class='ocrx_word' id='word_1_144' title='bbox 842 2561 964 2642; x_wconf 88' lang='lat' dir='ltr'>caelite,</span> <span class='ocrx_word' id='word_1_145' title='bbox 987 2560 1087 2624; x_wconf 90' lang='lat' dir='ltr'>Brute</span> <span class='ocrx_word' id='word_1_146' title='bbox 1111 2561 1233 2624; x_wconf 87' lang='lat' dir='ltr'>recenti</span> 
     </span>
    </p>

    <p class='ocr_par' dir='ltr' id='par_1_12' title="bbox 219 2664 1393 2964">
     <span class='ocr_line' id='line_1_22' title="bbox 381 2664 1182 2758; baseline 0.001 -33"><span class='ocrx_word' id='word_1_147' title='bbox 381 2664 494 2729; x_wconf 87' lang='lat' dir='ltr'>Vestra</span> <span class='ocrx_word' id='word_1_148' title='bbox 517 2668 630 2749; x_wconf 88' lang='lat' dir='ltr'>procul</span> <span class='ocrx_word' id='word_1_149' title='bbox 652 2669 777 2751; x_wconf 88' lang='lat' dir='ltr'>positus</span> <span class='ocrx_word' id='word_1_150' title='bbox 802 2687 932 2730; x_wconf 90' lang='lat' dir='ltr'>carmen</span> <span class='ocrx_word' id='word_1_151' title='bbox 955 2670 990 2758; x_wconf 85' lang='lat' dir='ltr'>in</span> <span class='ocrx_word' id='word_1_152' title='bbox 1015 2688 1070 2732; x_wconf 88' lang='lat' dir='ltr'>ora</span> <span class='ocrx_word' id='word_1_153' title='bbox 1094 2668 1182 2731; x_wconf 75' lang='lat' dir='ltr'>dedi«</span> 
     </span>
     <span class='ocr_line' id='line_1_23' title="bbox 219 2770 1393 2857; baseline 0.003 -25"><span class='ocrx_word' id='word_1_154' title='bbox 219 2772 444 2852; x_wconf 77' lang='lat' dir='ltr'>cognoscimus</span> <span class='ocrx_word' id='word_1_155' title='bbox 464 2770 618 2836; x_wconf 85' lang='lat' dir='ltr'>Ovidium</span> <span class='ocrx_word' id='word_1_156' title='bbox 639 2775 678 2836; x_wconf 93' lang='lat' dir='ltr'>ad</span> <span class='ocrx_word' id='word_1_157' title='bbox 698 2774 785 2837; x_wconf 89' lang='lat' dir='ltr'>hunc</span> <span class='ocrx_word' id='word_1_158' title='bbox 805 2777 944 2838; x_wconf 89' lang='lat' dir='ltr'>amicum</span> <span class='ocrx_word' id='word_1_159' title='bbox 964 2795 1102 2856; x_wconf 87' lang='lat' dir='ltr'>carmen,</span> <span class='ocrx_word' id='word_1_160' title='bbox 1122 2795 1186 2857; x_wconf 92' lang='lat' dir='ltr'>quo</span> <span class='ocrx_word' id='word_1_161' title='bbox 1205 2774 1393 2856; x_wconf 85' lang='lat' dir='ltr'>Augustum</span> 
     </span>
     <span class='ocr_line' id='line_1_24' title="bbox 219 2878 1058 2964; baseline 0.005 -25"><span class='ocrx_word' id='word_1_162' title='bbox 219 2896 235 2939; x_wconf 92' lang='lat' dir='ltr'>e</span> <span class='ocrx_word' id='word_1_163' title='bbox 260 2878 325 2940; x_wconf 85' lang='lat' dir='ltr'>vita</span> <span class='ocrx_word' id='word_1_164' title='bbox 349 2897 514 2961; x_wconf 89' lang='lat' dir='ltr'>egressum</span> <span class='ocrx_word' id='word_1_165' title='bbox 538 2880 691 2944; x_wconf 87' lang='lat' dir='ltr'>laudibus</span> <span class='ocrx_word' id='word_1_166' title='bbox 715 2883 899 2964; x_wconf 76' lang='lat' dir='ltr'>celebraret,</span> <span class='ocrx_word' id='word_1_167' title='bbox 923 2884 1058 2945; x_wconf 88' lang='lat' dir='ltr'>misisse.</span> 
     </span>
    </p>

    <p class='ocr_par' dir='ltr' id='par_1_13' title="bbox 217 2983 1393 3601">
     <span class='ocr_line' id='line_1_25' title="bbox 308 2983 1393 3073; baseline 0.006 -27"><span class='ocrx_word' id='word_1_168' title='bbox 308 2983 396 3058; x_wconf 80' lang='lat' dir='ltr'>Quae</span> <span class='ocrx_word' id='word_1_169' title='bbox 421 3006 496 3048; x_wconf 86' lang='lat' dir='ltr'>cum</span> <span class='ocrx_word' id='word_1_170' title='bbox 519 2988 564 3049; x_wconf 87' lang='lat' dir='ltr'>ita</span> <span class='ocrx_word' id='word_1_171' title='bbox 588 2989 653 3051; x_wconf 89' lang='lat' dir='ltr'>sint</span> <span class='ocrx_word' id='word_1_172' title='bbox 676 3008 742 3051; x_wconf 92' lang='lat' dir='ltr'>non</span> <span class='ocrx_word' id='word_1_173' title='bbox 766 3010 939 3073; x_wconf 91' lang='lat' dir='ltr'>possumus</span> <span class='ocrx_word' id='word_1_174' title='bbox 964 2989 1127 3066; x_wconf 89' lang='lat' dir='ltr'>dubitare,</span> <span class='ocrx_word' id='word_1_175' title='bbox 1151 2991 1230 3070; x_wconf 91' lang='lat' dir='ltr'>quin</span> <span class='ocrx_word' id='word_1_176' title='bbox 1256 2989 1393 3052; x_wconf 76' lang='lat' dir='ltr'>Ovidius</span> 
     </span>
     <span class='ocr_line' id='line_1_26' title="bbox 217 3089 1393 3181; baseline 0.006 -30"><span class='ocrx_word' id='word_1_177' title='bbox 217 3089 311 3153; x_wconf 90' lang='lat' dir='ltr'>Bruti</span> <span class='ocrx_word' id='word_1_178' title='bbox 336 3095 527 3156; x_wconf 89' lang='lat' dir='ltr'>senteutiam</span> <span class='ocrx_word' id='word_1_179' title='bbox 552 3104 648 3177; x_wconf 87' lang='lat' dir='ltr'>atque</span> <span class='ocrx_word' id='word_1_180' title='bbox 671 3098 830 3159; x_wconf 92' lang='lat' dir='ltr'>iudicium</span> <span class='ocrx_word' id='word_1_181' title='bbox 855 3097 987 3181; x_wconf 90' lang='lat' dir='ltr'>plurimi</span> <span class='ocrx_word' id='word_1_182' title='bbox 1012 3098 1228 3160; x_wconf 83' lang='lat' dir='ltr'>aestimaverit</span> <span class='ocrx_word' id='word_1_183' title='bbox 1252 3115 1393 3177; x_wconf 89' lang='lat' dir='ltr'>eumque</span> 
     </span>
     <span class='ocr_line' id='line_1_27' title="bbox 218 3197 1392 3286; baseline 0.006 -29"><span class='ocrx_word' id='word_1_184' title='bbox 218 3197 438 3260; x_wconf 87' lang='lat' dir='ltr'>doctissimum</span> <span class='ocrx_word' id='word_1_185' title='bbox 473 3207 504 3263; x_wconf 88' lang='lat' dir='ltr'>et</span> <span class='ocrx_word' id='word_1_186' title='bbox 534 3210 689 3285; x_wconf 87' lang='lat' dir='ltr'>tanquam</span> <span class='ocrx_word' id='word_1_187' title='bbox 721 3205 900 3286; x_wconf 86' lang='lat' dir='ltr'>principem</span> <span class='ocrx_word' id='word_1_188' title='bbox 937 3205 1021 3266; x_wconf 91' lang='lat' dir='ltr'>inter</span> <span class='ocrx_word' id='word_1_189' title='bbox 1052 3204 1161 3266; x_wconf 89' lang='lat' dir='ltr'>doctos</span> <span class='ocrx_word' id='word_1_190' title='bbox 1193 3204 1282 3284; x_wconf 79' lang='lat' dir='ltr'>illua,</span> <span class='ocrx_word' id='word_1_191' title='bbox 1311 3222 1392 3284; x_wconf 91' lang='lat' dir='ltr'>quos</span> 
     </span>
     <span class='ocr_line' id='line_1_28' title="bbox 217 3308 1390 3393; baseline 0.003 -27"><span class='ocrx_word' id='word_1_192' title='bbox 217 3308 344 3388; x_wconf 89' lang='lat' dir='ltr'>saepius</span> <span class='ocrx_word' id='word_1_193' title='bbox 375 3308 561 3390; x_wconf 78' lang='lat' dir='ltr'>appellat1),</span> <span class='ocrx_word' id='word_1_194' title='bbox 591 3309 747 3372; x_wconf 87' lang='lat' dir='ltr'>habuerit.</span> <span class='ocrx_word' id='word_1_195' title='bbox 802 3309 912 3385; x_wconf 77' lang='lat' dir='ltr'>Quid?</span> <span class='ocrx_word' id='word_1_196' title='bbox 946 3331 1054 3373; x_wconf 89' lang='lat' dir='ltr'>nonne</span> <span class='ocrx_word' id='word_1_197' title='bbox 1085 3312 1115 3373; x_wconf 92' lang='lat' dir='ltr'>ei</span> <span class='ocrx_word' id='word_1_198' title='bbox 1145 3317 1213 3373; x_wconf 88' lang='lat' dir='ltr'>erut</span> <span class='ocrx_word' id='word_1_199' title='bbox 1243 3311 1390 3393; x_wconf 87' lang='lat' dir='ltr'>inprimis</span> 
     </span>
     <span class='ocr_line' id='line_1_29' title="bbox 217 3412 1392 3499; baseline 0.003 -26"><span class='ocrx_word' id='word_1_200' title='bbox 217 3412 249 3472; x_wconf 91' lang='lat' dir='ltr'>id</span> <span class='ocrx_word' id='word_1_201' title='bbox 274 3414 453 3496; x_wconf 91' lang='lat' dir='ltr'>agendum,</span> <span class='ocrx_word' id='word_1_202' title='bbox 486 3422 520 3476; x_wconf 89' lang='lat' dir='ltr'>ut</span> <span class='ocrx_word' id='word_1_203' title='bbox 541 3416 636 3478; x_wconf 88' lang='lat' dir='ltr'>liuius</span> <span class='ocrx_word' id='word_1_204' title='bbox 661 3418 754 3478; x_wconf 85' lang='lat' dir='ltr'>aurici</span> <span class='ocrx_word' id='word_1_205' title='bbox 780 3437 922 3499; x_wconf 87' lang='lat' dir='ltr'>aequum</span> <span class='ocrx_word' id='word_1_206' title='bbox 955 3425 986 3480; x_wconf 88' lang='lat' dir='ltr'>et</span> <span class='ocrx_word' id='word_1_207' title='bbox 1009 3418 1201 3480; x_wconf 91' lang='lat' dir='ltr'>benevolum</span> <span class='ocrx_word' id='word_1_208' title='bbox 1233 3418 1392 3479; x_wconf 86' lang='lat' dir='ltr'>iudicium</span> 
     </span>
     <span class='ocr_line' id='line_1_30' title="bbox 217 3518 452 3601; baseline 0.017 -23"><span class='ocrx_word' id='word_1_209' title='bbox 217 3518 275 3579; x_wconf 85' lang='lat' dir='ltr'>sibi</span> <span class='ocrx_word' id='word_1_210' title='bbox 301 3521 452 3601; x_wconf 75' lang='lat' dir='ltr'>pararet?</span> 
     </span>
    </p>

    <p class='ocr_par' dir='ltr' id='par_1_14' title="bbox 215 3626 1392 4248">
     <span class='ocr_line' id='line_1_31' title="bbox 306 3626 1392 3715; baseline 0.003 -26"><span class='ocrx_word' id='word_1_211' title='bbox 306 3626 339 3689; x_wconf 82' lang='lat' dir='ltr'>Si</span> <span class='ocrx_word' id='word_1_212' title='bbox 363 3646 439 3690; x_wconf 85' lang='lat' dir='ltr'>vero</span> <span class='ocrx_word' id='word_1_213' title='bbox 464 3630 659 3710; x_wconf 78' lang='lat' dir='ltr'>quaerimus,</span> <span class='ocrx_word' id='word_1_214' title='bbox 683 3650 842 3712; x_wconf 88' lang='lat' dir='ltr'>quaenam</span> <span class='ocrx_word' id='word_1_215' title='bbox 862 3631 1015 3694; x_wconf 81' lang='lat' dir='ltr'>Tristium</span> <span class='ocrx_word' id='word_1_216' title='bbox 1040 3632 1161 3712; x_wconf 87' lang='lat' dir='ltr'>elegiae</span> <span class='ocrx_word' id='word_1_217' title='bbox 1184 3631 1392 3715; x_wconf 88' lang='lat' dir='ltr'>probabiliter</span> 
     </span>
     <span class='ocr_line' id='line_1_32' title="bbox 216 3732 1390 3822; baseline 0.006 -29"><span class='ocrx_word' id='word_1_218' title='bbox 216 3732 317 3794; x_wconf 90' lang='lat' dir='ltr'>Bruto</span> <span class='ocrx_word' id='word_1_219' title='bbox 341 3733 565 3798; x_wconf 88' lang='lat' dir='ltr'>inscribendae</span> <span class='ocrx_word' id='word_1_220' title='bbox 589 3737 669 3817; x_wconf 89' lang='lat' dir='ltr'>siut,</span> <span class='ocrx_word' id='word_1_221' title='bbox 692 3738 833 3820; x_wconf 88' lang='lat' dir='ltr'>primum</span> <span class='ocrx_word' id='word_1_222' title='bbox 863 3740 902 3802; x_wconf 92' lang='lat' dir='ltr'>de</span> <span class='ocrx_word' id='word_1_223' title='bbox 927 3740 1027 3822; x_wconf 89' lang='lat' dir='ltr'>eleg.</span> <span class='ocrx_word' id='word_1_224' title='bbox 1052 3738 1118 3816; x_wconf 91' lang='lat' dir='ltr'>HI,</span> <span class='ocrx_word' id='word_1_225' title='bbox 1146 3742 1185 3800; x_wconf 88' lang='grc'>14</span> <span class='ocrx_word' id='word_1_226' title='bbox 1209 3739 1260 3801; x_wconf 84' lang='lat' dir='ltr'>vel</span> <span class='ocrx_word' id='word_1_227' title='bbox 1283 3740 1390 3822; x_wconf 90' lang='lat' dir='ltr'>potius</span> 
     </span>
     <span class='ocr_line' id='line_1_33' title="bbox 220 3843 1391 3928; baseline 0.004 -28"><span class='ocrx_word' id='word_1_228' title='bbox 220 3843 268 3918; x_wconf 83' lang='lat' dir='ltr'>lb,</span> <span class='ocrx_word' id='word_1_229' title='bbox 292 3860 367 3902; x_wconf 89' lang='lat' dir='ltr'>uam</span> <span class='ocrx_word' id='word_1_230' title='bbox 387 3843 564 3905; x_wconf 88' lang='lat' dir='ltr'>rectissime</span> <span class='ocrx_word' id='word_1_231' title='bbox 583 3844 739 3906; x_wconf 82' lang='lat' dir='ltr'>iudicavit</span> <span class='ocrx_word' id='word_1_232' title='bbox 757 3843 909 3908; x_wconf 85' lang='lat' dir='ltr'>Loersius</span> <span class='ocrx_word' id='word_1_233' title='bbox 928 3847 1025 3909; x_wconf 90' lang='lat' dir='ltr'>huius</span> <span class='ocrx_word' id='word_1_234' title='bbox 1044 3845 1119 3908; x_wconf 90' lang='lat' dir='ltr'>libri</span> <span class='ocrx_word' id='word_1_235' title='bbox 1140 3845 1276 3928; x_wconf 89' lang='lat' dir='ltr'>elegiam</span> <span class='ocrx_word' id='word_1_236' title='bbox 1296 3864 1391 3928; x_wconf 88' lang='lat' dir='ltr'>quar-</span> 
     </span>
     <span class='ocr_line' id='line_1_34' title="bbox 216 3946 1391 4035; baseline 0.006 -28"><span class='ocrx_word' id='word_1_237' title='bbox 216 3955 281 4008; x_wconf 90' lang='lat' dir='ltr'>tam</span> <span class='ocrx_word' id='word_1_238' title='bbox 300 3946 380 4009; x_wconf 89' lang='lat' dir='ltr'>falso</span> <span class='ocrx_word' id='word_1_239' title='bbox 400 3968 457 4030; x_wconf 89' lang='lat' dir='ltr'>pro</span> <span class='ocrx_word' id='word_1_240' title='bbox 478 3949 604 4012; x_wconf 90' lang='lat' dir='ltr'>duobus</span> <span class='ocrx_word' id='word_1_241' title='bbox 627 3970 731 4012; x_wconf 91' lang='lat' dir='ltr'>unum</span> <span class='ocrx_word' id='word_1_242' title='bbox 755 3970 885 4015; x_wconf 88' lang='lat' dir='ltr'>carmen</span> <span class='ocrx_word' id='word_1_243' title='bbox 909 3954 943 4015; x_wconf 90' lang='lat' dir='ltr'>in</span> <span class='ocrx_word' id='word_1_244' title='bbox 967 3955 1078 4016; x_wconf 85' lang='lat' dir='ltr'>multis</span> <span class='ocrx_word' id='word_1_245' title='bbox 1103 3951 1269 4014; x_wconf 86' lang='lat' dir='ltr'>codicibus</span> <span class='ocrx_word' id='word_1_246' title='bbox 1293 3954 1391 4035; x_wconf 91' lang='lat' dir='ltr'>scrip·</span> 
     </span>
     <span class='ocr_line' id='line_1_35' title="bbox 216 4056 1391 4144; baseline 0.005 -30"><span class='ocrx_word' id='word_1_247' title='bbox 216 4062 285 4115; x_wconf 93' lang='lat' dir='ltr'>tum</span> <span class='ocrx_word' id='word_1_248' title='bbox 310 4073 395 4130; x_wconf 86' lang='lat' dir='ltr'>esse,</span> <span class='ocrx_word' id='word_1_249' title='bbox 428 4057 491 4117; x_wconf 65' lang='lat' dir='ltr'>rix,</span> <span class='ocrx_word' id='word_1_250' title='bbox 504 4077 677 4139; x_wconf 89' lang='lat' dir='ltr'>possumus</span> <span class='ocrx_word' id='word_1_251' title='bbox 697 4056 853 4144; x_wconf 88' lang='lat' dir='ltr'>dubitare.</span> <span class='ocrx_word' id='word_1_252' title='bbox 896 4058 1075 4134; x_wconf 79' lang='lat' dir='ltr'>Quemnam</span> <span class='ocrx_word' id='word_1_253' title='bbox 1100 4060 1184 4121; x_wconf 92' lang='lat' dir='ltr'>enim</span> <span class='ocrx_word' id='word_1_254' title='bbox 1206 4060 1289 4122; x_wconf 90' lang='lat' dir='ltr'>inter</span> <span class='ocrx_word' id='word_1_255' title='bbox 1312 4061 1391 4122; x_wconf 87' lang='lat' dir='ltr'>anii-</span> 
     </span>
     <span class='ocr_line' id='line_1_36' title="bbox 215 4164 1090 4248; baseline 0.005 -26"><span class='ocrx_word' id='word_1_256' title='bbox 215 4181 268 4222; x_wconf 85' lang='lat' dir='ltr'>cos</span> <span class='ocrx_word' id='word_1_257' title='bbox 293 4181 368 4223; x_wconf 90' lang='lat' dir='ltr'>suos</span> <span class='ocrx_word' id='word_1_258' title='bbox 392 4164 497 4245; x_wconf 88' lang='lat' dir='ltr'>aptius</span> <span class='ocrx_word' id='word_1_259' title='bbox 522 4183 601 4227; x_wconf 83' lang='lat' dir='ltr'>vers.</span> <span class='ocrx_word' id='word_1_260' title='bbox 629 4167 643 4226; x_wconf 93' lang='lat'>1</span> <span class='ocrx_word' id='word_1_261' title='bbox 671 4184 735 4245; x_wconf 87' lang='lat' dir='ltr'>seq.</span> <span class='ocrx_word' id='word_1_262' title='bbox 760 4166 944 4248; x_wconf 90' lang='lat' dir='ltr'>alloquatur</span> <span class='ocrx_word' id='word_1_263' title='bbox 967 4174 1090 4229; x_wconf 89' lang='lat' dir='ltr'>noster:</span> 
     </span>
    </p>
   </div>
   <div class='ocr_carea' id='block_1_3' title="bbox 288 4392 830 4460">
    <p class='ocr_par' dir='ltr' id='par_1_15' title="bbox 288 4392 830 4460">
     <span class='ocr_line' id='line_1_37' title="bbox 288 4392 830 4460; baseline 0.002 -14"><span class='ocrx_word' id='word_1_264' title='bbox 288 4393 305 4446; x_wconf 74' lang='lat' dir='ltr'>&#39;l</span> <span class='ocrx_word' id='word_1_265' title='bbox 325 4392 402 4444; x_wconf 75' lang='lat' dir='ltr'>volut</span> <span class='ocrx_word' id='word_1_266' title='bbox 421 4409 460 4460; x_wconf 87' lang='lat' dir='ltr'>ep.</span> <span class='ocrx_word' id='word_1_267' title='bbox 482 4409 514 4444; x_wconf 88' lang='lat' dir='ltr'>ex</span> <span class='ocrx_word' id='word_1_268' title='bbox 534 4392 619 4447; x_wconf 89' lang='lat' dir='ltr'>Ponto</span> <span class='ocrx_word' id='word_1_269' title='bbox 638 4395 688 4450; x_wconf 86' lang='grc' dir='ltr'><strong>ΙΙΙ,</strong></span> <span class='ocrx_word' id='word_1_270' title='bbox 708 4399 723 4445; x_wconf 85' lang='grc'><strong>9</strong></span> <span class='ocrx_word' id='word_1_271' title='bbox 745 4413 768 4446; x_wconf 80' lang='lat' dir='ltr'>v.</span> <span class='ocrx_word' id='word_1_272' title='bbox 790 4401 830 4450; x_wconf 74' lang='lat'>45.</span> 
     </span>
    </p>
   </div>
   <div class='ocr_carea' id='block_1_4' title="bbox 297 4452 300 4459">
    <p class='ocr_par' dir='ltr' id='par_1_16' title="bbox 297 4452 300 4459">
     <span class='ocr_line' id='line_1_38' title="bbox 297 4452 300 4459; baseline 0 0"><span class='ocrx_word' id='word_1_273' title='bbox 297 4452 300 4459; x_wconf 54' lang='lat' dir='ltr'>a</span> 
     </span>
    </p>
   </div>
   <div class='ocr_carea' id='block_1_5' title="bbox 0 0 1630 4960">
    <p class='ocr_par' dir='ltr' id='par_1_17' title="bbox 0 0 1630 4960">
     <span class='ocr_line' id='line_1_39' title="bbox 0 0 1630 4960; baseline 0 0"><span class='ocrx_word' id='word_1_274' title='bbox 0 0 1630 4960; x_wconf 95' lang='lat' dir='ltr'> </span> 
     </span>
    </p>
   </div>
  </div>
 </body>
</html>
