3252 4960
710 341 928 401 -40-

231 519 374 601 coegisse
394 519 561 596 0011011111).
604 516 679 580 Fuit
698 522 815 598 autem,
838 527 874 580 ut
893 516 1146 601 nonnnsenusn
1166 520 1292 598 conicit,
1310 518 1409 580 frater

230 627 336 687 minor
368 629 446 687 natu
477 624 567 687 illius
605 624 723 704 Silani,
762 626 817 708 qui
847 645 932 687 arrno
968 647 997 708 p.
1029 625 1100 688 Chr.
1134 628 1174 689 to
1205 625 1407 688 consulatum

232 733 397 815 accepit3).
425 731 500 794 Jam
519 751 596 794 vero
615 733 792 811 rideamus,
814 751 972 815 quaenam
992 735 1056 796 sint
1075 752 1200 812 carasca,
1224 731 1405 794 0111011111

231 839 371 901 Brutum
403 839 543 901 eundem
575 858 645 902 esse
668 841 776 902 virum
800 845 897 922 atque
930 839 972 901 M.
995 840 1134 902 Junium
1159 838 1191 901 G.
1216 839 1236 901 f.
1262 839 1406 902 Silanum

233 965 431 1009 censeamus.
478 945 527 1008 Ac
550 947 692 1029 primum
717 947 850 1029 quidem
875 948 994 1030 optime
1018 967 1092 1010 cnm
1111 945 1260 1010 versibus
1283 945 1348 1008 illis
1368 965 1409 1008 ex

233 1053 360 1135 epistol.
385 1071 426 1116 ex
451 1054 556 1116 Ponto
581 1051 637 1133 W,
662 1057 682 1116 6
705 1055 771 1116 iam
795 1073 892 1136 supra
917 1054 1022 1116 allatis
1045 1040 1210 1133 contenit,
1243 1053 1330 1135 quod
1352 1053 1410 1115 Ta-

234 1160 318 1222 citus
350 1161 384 1221 in
408 1160 526 1223 Annal.
559 1159 626 1239 ΙΙΙ,
658 1163 702 1223 24
734 1161 832 1224 huius
859 1162 920 1223 viri
951 1162 1112 1243 insignem
1144 1161 1345 1224 nobilitatem
1380 1167 1410 1224 et

234 1265 452 1348 eloquentiam
476 1267 595 1330 laudat.
642 1267 812 1330 Praeterea
832 1274 939 1330 antem
963 1269 1112 1330 intimam
1135 1271 1205 1331 eins
1236 1269 1408 1330 amicitiam

235 1379 265 1436 et
289 1393 395 1454 usum,
419 1393 517 1456 quem
541 1393 616 1436 cnm
639 1375 781 1457 Augusti
804 1375 926 1437 familia
955 1376 1162 1456 maximeque
1187 1395 1261 1438 eum
1285 1373 1410 1438 Tiberio

234 1479 363 1560 habuit,
397 1479 527 1543 Cassius
550 1479 611 1544 Dio
636 1483 670 1543 in
694 1481 765 1544 libr.
788 1481 866 1544 LIX
896 1501 963 1564 cap.
989 1484 1007 1544 B
1038 1482 1088 1544 bis
1112 1482 1219 1546 verbis
1243 1483 1409 1546 describit:

228 1580 272 1650 ‘0
298 1583 353 1668 μὲν
378 1580 439 1670 γὰρ
459 1582 611 1672 Τιβήριος
632 1587 731 1662 οὕτως
752 1583 847 1652 αὐτὸν
871 1587 1030 1670 ἐτίμησεν,
1055 1586 1135 1653 ὥστε
1156 1587 1236 1672 μηδὲ
1256 1583 1411 1671 ἐκκλητόν

234 1716 311 1758 ποτε
345 1688 495 1758 ἀπἀὐτοῦ
527 1690 659 1759 δικάσαι
690 1697 861 1779 etaltera,
900 1690 1081 1782 alhh'a'aainp
1117 1691 1224 1761 πάντα
1249 1686 1346 1770 abbr:
1370 1690 1412 1759 τὰ

235 1805 372 1866 τοιαῦτα
401 1801 584 1886 ἐγχειρίσαι.
637 1802 726 1878 Quae
749 1803 950 1867 familiaritas
975 1824 1012 1867 eo
1037 1823 1166 1887 quoque
1198 1805 1337 1867 indicari
1365 1804 1412 1863 ri-

237 1909 339 1989 detur,
363 1910 450 1991 quod
477 1907 613 1972 Ovidius
637 1911 671 1971 in
696 1895 735 1973 iis
759 1911 915 1993 epistulis,
939 1931 1020 1993 quas
1043 1912 1193 1994 Augusto
1218 1913 1313 1974 etiam
1337 1911 1412 1970 1110

236 2017 363 2098 scripsit
387 2017 427 2079 ad
452 2016 601 2097 Brutum,
625 2037 788 2100 nusquam
812 2020 971 2099 amicum,
1004 2025 1041 2081 ut
1071 2037 1105 2081 se
1137 2017 1268 2080 adiuret
1297 2023 1327 2079 et
1355 2036 1412 2099 pre

236 2142 270 2186 se
291 2122 330 2185 ab
353 2125 547 2206 imperatore
570 2131 657 2207 petat
680 2127 818 2207 veniam,
842 2125 1037 2188 adhortatur.
1084 2124 1124 2187 ln
1144 2125 1280 2208 epistula
1305 2130 1412 2186 autem

237 2229 293 2311 lv,
318 2233 337 2294 6
362 2231 471 2313 paullo
495 2237 567 2314 post
589 2233 731 2315 Augusti
755 2237 891 2295 mortem
911 2233 1028 2316 scripta
1052 2252 1118 2295 non
1142 2232 1248 2295 solum
1266 2231 1414 2293 intimam

211 2395 214 2399 .
239 2337 392 2401 describit
411 2340 596 2420 amicitiam,
616 2359 698 2422 quae
717 2358 752 2402 se
771 2358 846 2401 cum
861 2339 963 2403 Bruto
983 2340 1200 2418 coniunxerit,
1220 2359 1247 2399 v.
1259 2340 1300 2400 23
1312 2357 1413 2418 seqq:

325 2479 423 2544 »Nam
448 2501 522 2544 eum
547 2483 743 2565 praestiteris
767 2483 890 2544 verum'
906 2484 985 2545 mihi
1009 2502 1136 2566 semper
1159 2501 1310 2561 aurorem,

326 2587 390 2650 Hic
414 2595 522 2652 tamen
547 2589 681 2652 adverso
705 2595 848 2672 tempore
872 2590 972 2651 crevit
996 2609 1100 2652 amor:

329 2694 458 2778 Quique
482 2702 554 2760 tuas
578 2697 697 2780 pariter
719 2696 869 2760 lacrimas
893 2703 1082 2778 nostrasque
1106 2696 1238 2778 rideret,

328 2801 486 2864 Passuros
509 2821 646 2886 poenam
671 2803 815 2868 crederet
839 2823 908 2867 esse
933 2804 1028 2867 dues«

240 2945 295 3007 sed
316 2946 413 3007 etiam
439 2944 532 3008 illum
557 2946 722 3027 admonet,
753 2954 789 3010 nt
807 2966 864 3030 pro
889 2966 923 3010 se
941 2948 1126 3029 imperatori
1146 2965 1229 3008 novo
1250 2945 1416 3028 supplicet.

193 3113 195 3116 .
240 3048 392 3132 Legimus
417 3051 504 3114 euim
527 3072 556 3112 v.
584 3055 624 3116 19
649 3073 751 3136 seqq:

314 3374 334 3441 ¹)
354 3373 414 3427 Dio
434 3373 505 3428 LIX.
526 3379 550 3427 8.
570 3374 701 3427 Sueten.
723 3373 837 3443 Caligul.
859 3377 900 3427 23.
920 3373 1022 3438 Tacit.
1043 3367 1135 3442 Agris.¹
1153 3376 1177 3426 4.

316 3480 338 3549 ἢ)
357 3482 427 3549 apud
446 3479 604 3534 Mentem:
626 3480 704 3534 Scavi
723 3481 740 3534 l.
760 3481 777 3534 l.

315 3588 336 3656 8)
355 3588 433 3641 Alter
460 3588 497 3641 M.
516 3588 616 3642 Junius
642 3587 750 3643 Silanus
776 3588 813 3641 M.
833 3591 850 3642 1.
870 3606 940 3644 auno
965 3606 988 3656 p.
1009 3588 1069 3642 1111.
1097 3591 1128 3640 re
1148 3586 1244 3640 consul
1269 3584 1421 3639 ordinarius

242 3676 296 3729 fuit
315 3693 378 3730 curn
397 3676 426 3730 L.
446 3677 573 3732 Norbano
593 3677 678 3732 Balbo
697 3679 740 3747 (cf.
768 3678 869 3732 Tacit.
895 3681 964 3731 Anu.
984 3665 1086 3742 usas.
1125 3675 1290 3745 Borghesi
1313 3674 1330 3726 l.
1349 3673 1367 3726 l.
1388 3673 1420 3728 V.

245 3782 303 3835 pag.
324 3770 387 3819 216:
417 3766 478 3820 »me
497 3766 523 3821 S.
543 3767 571 3821 O.
596 3767 632 3820 M.
652 3766 745 3822 Silano
768 3767 805 3822 M.
830 3769 847 3820 1.
873 3767 903 3820 L.
923 3767 1049 3820 Norbano
1073 3765 1158 3819 Balbo
1180 3781 1248 3818 coss
1288 3764 1313 3816 J.
1336 3763 1367 3815 R.
1387 3763 1420 3814 N.

243 3857 321 3908 2898.
341 3854 1105 3926 Ηο111011.64317419(11111111011110110111113111.
1122 3859 1189 3932 1856
1203 3870 1260 3922 pag.
1272 3853 1325 3920 60).
1345 3855 1422 3904 Anno

244 3961 269 4011 p.
283 3944 343 3997 1111.
358 3950 464 3999 33-38
484 3945 626 4012 proconsul
639 3947 746 4000 Africae
759 3946 813 3998 fuit
826 3945 1005 4016 (Borghesi
1024 3945 1042 3998 1.
1056 3945 1074 3998 l.
1094 3961 1152 4012 pag.
1167 3947 1234 3997 217:
1253 3941 1423 3994 »Praefectus

244 4033 353 4086 fabrum
371 4034 409 4087 M.
430 4034 619 4089 Silanun.
639 4034 720 4089 Sexto
740 4035 923 4103 Carthaginis«
943 4038 971 4088 et
989 4051 1049 4104 pag.
1071 4033 1142 4100 208).
1187 4032 1229 4085 Ad
1252 4031 1367 4084 eundem
1386 4028 1422 4081 M.

244 4123 369 4178 Silanum
388 4124 508 4191 pertinet
526 4125 610 4178 Tacit.
629 4125 731 4178 Hister.
751 4124 798 4190 IV,
818 4127 861 4190 48,
881 4124 927 4178 ubi
947 4124 1079 4177 traditur:
1106 4121 1183 4174 »Mox
1202 4121 1230 4174 C.
1250 4123 1348 4174 t'aesar
1367 4123 1424 4170 tur-

245 4213 327 4267 bidus
352 4216 437 4270 animi
461 4229 492 4267 ac
516 4213 554 4268 M.
573 4214 696 4268 Silanum
720 4214 889 4268 obtinentem
913 4213 1032 4266 Africam
1064 4215 1189 4264 metuens
1222 4209 1339 4263 ablatam
1364 4225 1424 4274 pro-

248 4308 354 4363 consuli
372 4307 507 4377 legionem
527 4307 609 4360 misso
627 4308 656 4358 in
676 4322 735 4359 cam
761 4321 818 4358 rem
837 4303 927 4372 legato
951 4302 1087 4356 tradidit«
1125 4299 1221 4354 Paullo
1238 4301 1331 4366 postea
1354 4311 1424 4350 rnor-

250 4402 314 4452 tuus
334 4401 383 4451 est.
