3252 4960
706 317 925 377 -43-

408 493 538 555 »Cultor
561 497 592 554 et
616 493 747 554 antistes
772 493 938 554 doctorum
962 499 1070 557 sancte
1094 495 1245 578 virorum,

409 601 471 675 Qui
494 600 573 662 facis
596 599 728 681 ingenio
752 617 889 681 semper,
914 603 1024 680 amice,
1047 621 1133 664 meo«

230 731 290 792 vel.
320 747 401 789 vers.
435 730 469 787 7:
508 729 638 785 »vatum
670 722 811 785 studiose
844 723 1046 787 novorumP«
1088 726 1257 792 Praeterea
1290 732 1408 812 optime

232 835 367 918 quadrat
386 833 426 895 ad
446 851 491 911 ea,
511 849 593 912 quae
616 831 681 892 iam
705 851 801 913 supra
825 831 864 893 de
884 831 983 894 Bruto
1009 833 1159 915 diximus,
1183 839 1214 898 et
1238 856 1408 919 argumen-

232 949 301 1006 tum
326 947 356 1004 et
387 939 474 1002 color
504 939 604 1000 nostri
632 939 791 1000 carminis.
848 937 1057 1026 Commendat
1090 942 1176 1003 enim
1204 944 1306 1005 amico
1336 963 1408 1026 pro-

232 1051 359 1131 geniem
384 1067 484 1125 suam,
509 1046 561 1107 cui
584 1050 715 1128 parente
740 1043 835 1106 orbae
858 1046 893 1106 in
915 1046 1019 1128 patria
1042 1067 1111 1110 esse
1135 1049 1236 1112 liceat.
1291 1049 1408 1124 Quam-

235 1176 331 1238 quam
356 1159 464 1216 autern
487 1155 555 1235 ipse
580 1151 726 1213 concedit
749 1150 1047 1234 Metamorphosesin
1079 1173 1159 1237 opus
1187 1157 1410 1239 imperfectum

234 1282 318 1342 csse,
354 1266 460 1323 tamen
492 1261 554 1320 nisi
587 1259 684 1320 tantis
721 1257 818 1320 rebus
851 1259 995 1322 adversis
1025 1259 1162 1324 afflictus
1196 1270 1291 1327 esset.
1327 1264 1409 1326 iilud

234 1369 398 1452 expletum
422 1385 612 1447 summaque
640 1365 736 1427 laude
761 1364 896 1447 dignum
924 1385 958 1428 se
981 1367 1142 1430 facturum
1171 1369 1271 1432 fuisse
1295 1371 1410 1432 confir-

234 1483 306 1538 mat.
344 1473 425 1542 Tum
448 1474 563 1536 transit
582 1473 621 1534 ad
645 1473 777 1534 tertium
796 1469 947 1534 Tristium
972 1473 1100 1555 librum,
1125 1495 1221 1558 quem
1245 1496 1410 1539 unacum

235 1588 343 1645 nostra
367 1581 470 1662 elegia
492 1579 627 1642 Romam
650 1579 746 1658 misit,
770 1585 925 1661 rogatque
950 1582 1106 1643 amicum:

363 1705 456 1768 »Hoc
481 1723 609 1786 quoque
633 1703 742 1765 nescio
768 1703 846 1784 quid
871 1707 988 1767 nostris
1012 1726 1136 1789 appone
1159 1707 1286 1787 libellis,

364 1811 500 1874 Diverso
525 1811 668 1889 missum,
694 1809 779 1890 quod
803 1809 862 1871 tibi
887 1810 926 1873 ab
951 1810 1164 1875 orbaverit«

235 1938 369 2020 Legenti
394 1918 501 1998 autern
524 1937 585 1997 ista
609 1935 752 1997 carmina
776 1935 981 2016 cogitandum
1007 1956 1090 2017 esse,
1121 1958 1183 2019 quo
1212 1943 1353 2020 tempore
1382 1943 1413 2001 et

237 2063 301 2126 quo
329 2045 399 2104 loco
436 2043 500 2104 sint
533 2042 715 2123 composita.
762 2040 889 2116 Quibus
913 2043 1010 2106 rebus
1035 2064 1099 2106 non
1125 2047 1273 2108 excusari
1308 2046 1413 2108 solum

237 2171 348 2214 eornm
371 2150 466 2229 vitia,
490 2149 546 2211 sed
572 2167 732 2230 quemque
757 2150 853 2210 etiam
883 2150 993 2212 mirari
1019 2151 1150 2232 debere,
1179 2152 1264 2235 quod
1292 2154 1348 2215 tali
1379 2155 1413 2214 in

236 2257 425 2320 condicione
449 2257 591 2319 carmina
613 2274 753 2338 pangere
771 2257 879 2338 possit.
926 2255 1009 2319 Nam
1023 2259 1201 2341 ingenium
1225 2279 1321 2321 suum
1345 2279 1414 2322 esse

238 2364 396 2427 malorum
420 2363 628 2426 multitudine
651 2362 789 2424 fractum
814 2369 845 2425 et
867 2365 1076 2426 imminutum
1106 2367 1235 2446 iamque
1259 2385 1293 2428 se
1316 2367 1415 2428 latine

235 2472 325 2554 loqui
359 2471 557 2534 dedidicisse.
616 2469 730 2552 Itaque
763 2471 860 2532 huius
898 2490 1027 2553 quoque
1051 2473 1200 2543 carminis
1233 2471 1298 2534 fine
1331 2473 1411 2555 petit

237 2579 275 2641 ab
301 2581 421 2641 amico:

396 2702 680 2783 »Qualemcunque
704 2702 801 2784 legas,
825 2705 921 2765 venia
945 2703 1077 2786 dignare
1101 2703 1227 2766 libellos

398 2809 498 2872 Sertis
523 2813 554 2870 et
578 2828 698 2870 excusa
722 2809 910 2872 condicione
934 2829 1047 2874 nicae«

327 2933 482 2995 Videmus
524 2934 623 3015 igitur
665 2952 729 2995 non
772 2932 876 2995 solum
918 2935 1048 2996 initium
1090 2935 1146 2996 sed
1186 2936 1283 2998 etiam
1315 2935 1413 2997 tinem

238 3043 315 3124 eleg.
346 3039 409 3120 ΠΙ,
442 3043 482 3102 14
514 3039 607 3101 Bruti
636 3059 806 3122 personam
839 3039 989 3102 indicare.
1045 3039 1110 3103 Cur
1140 3047 1247 3105 autem
1277 3041 1414 3104 Ovidius

240 3149 325 3210 huno
350 3149 455 3230 ipsum
489 3148 628 3208 amicum
652 3148 831 3208 carminum
862 3167 994 3209 suorum
1019 3153 1156 3210 tutorem
1184 3167 1253 3212 esse
1276 3149 1415 3211 voluerit

204 3329 206 3332 ¹
239 3267 269 3318 ct
299 3275 357 3316 our
389 3253 428 3315 ad
457 3253 543 3315 hunc
573 3273 694 3315 novum
727 3253 825 3316 studii
858 3255 908 3316 sui
938 3256 1056 3337 pignus
1085 3275 1126 3317 ex
1149 3255 1253 3318 Ponto
1282 3255 1414 3333 miserit,

238 3363 464 3444 unusquisque
484 3379 524 3422 cx
545 3361 597 3441 iis,
624 3379 705 3442 quae
725 3380 822 3443 supra
842 3361 881 3422 de
901 3360 961 3423 hoc
980 3362 1049 3423 viro
1070 3363 1244 3442 attulimus,
1262 3361 1413 3422 facillime

238 3468 404 3551 intellegit.

327 3575 496 3638 Nescimus
520 3575 684 3637 anaidem
707 3581 874 3658 poctarum
898 3576 1013 3638 cultori
1033 3575 1125 3658 eleg.
1145 3574 1329 3636 Tristium
1348 3573 1373 3652 I,
1395 3578 1412 3635 7

238 3687 280 3746 sit
309 3681 522 3746 inscribenda.
576 3679 645 3755 Quo
675 3683 709 3742 in
737 3683 878 3743 carmine
907 3689 1015 3745 noster
1045 3683 1083 3744 de
1116 3681 1413 3762 Metamorphoseon

239 3795 362 3854 tantum
393 3790 484 3852 libris
508 3789 585 3851 dicit
615 3793 779 3871 rogatque,
810 3795 846 3850 ut
879 3809 959 3872 opus
982 3789 1080 3860 iliud,
1112 3788 1196 3870 quod
1220 3789 1323 3878 maius
1347 3807 1414 3849 mo-

240 3906 428 3959 uumentum
463 3898 635 3978 veriorque
673 3897 795 3978 image,
831 3916 928 3978 quam
966 3896 1099 3974 anulus,
1139 3896 1174 3956 in
1205 3914 1269 3977 quo
1308 3895 1414 3957 exulis

239 4004 348 4065 vultus
371 4005 520 4067 videatur
543 4004 741 4086 insculptus,
766 4005 822 4084 sit,
845 4003 967 4066 Romae
991 4001 1035 4064 ab·
1052 4003 1163 4064 amicis
1186 4001 1342 4064 benevole
1365 4021 1415 4064 re-

239 4112 390 4194 cipiatur:
592 4113 595 4122 “

451 4217 525 4280 »His
549 4220 660 4281 saltem
685 4224 792 4280 vestra
816 4219 966 4280 daturin
991 4215 1079 4278 Urbe
1104 4216 1215 4278 iocus«.

237 4345 345 4426 Atque
370 4344 572 4426 diligentius⁷
606 4363 703 4426 quam
735 4345 768 4404 in
793 4341 871 4423 cleg.
902 4339 966 4412 HI,
998 4344 1037 4402 14
1062 4342 1195 4424 exponit
1217 4339 1317 4402 fuisse
1340 4339 1413 4401 illos
