3252 4960
680 270 877 331 ,3-

277 445 330 519 Ex
360 447 409 510 his
440 453 548 510 autem
579 445 730 510 ornnibus
760 447 1089 529 11111111111111111111,
1118 468 1216 530 quam
1239 455 1308 512 arta
1332 457 1364 511 et

187 553 281 615 firma
305 554 446 617 amicitia
469 551 605 618 Ovidius
635 571 710 616 cum
737 553 798 616 hoc
828 555 930 616 amico
955 555 1091 636 eiusque
1113 553 1237 618 familia
1261 575 1279 618 a
1301 556 1370 638 pri·¹

188 660 250 722 mis
274 661 388 724 aetatis
411 659 610 744 temporibus
634 661 827 723 coniunctus
850 659 956 724 fuerit.
998 660 1047 723 Ac
1067 679 1107 724 ne
1130 666 1200 724 tum
1225 661 1365 743 quidem,

189 785 264 829 cum
283 770 378 848 poeta
394 766 493 832 rebus
511 768 656 832 adversis
672 765 812 832 afflictus
826 773 919 848 esset
937 786 1014 831 eum
1028 769 1169 832 amicum
1186 768 1366 832 deseruisse

189 873 246 937 sed
264 869 452 938 fidelitatem
471 875 649 938 maximam
666 872 853 957 praebuisse
873 881 904 938 et
922 876 993 938 miti
1013 877 1121 939 animo
1136 874 1366 958 nobilibusque

188 978 334 1042 moribus
358 985 507 1044 ornatum
530 999 565 1044 se
588 981 785 1062 praestitisse
804 976 946 1044 'Ovidius
969 981 1145 1064 profitetur.

279 1084 388 1162 Quid?
412 1085 589 1150 maioribus
618 1107 699 1150 num
726 1087 880 1152 laudibus
899 1087 1054 1153 extollere
1074 1093 1197 1171 poterat
1216 1090 1365 1168 amioum,

190 1213 288 1276 quam
312 1213 387 1258 cum
411 1195 539 1276 scripsit
562 1212 610 1276 ep.
635 1214 677 1258 ex
700 1193 804 1258 Ponto
828 1193 870 1274 11,
894 1197 913 1258 3
938 1215 967 1257 v,
993 1197 1010 1258 1
1036 1215 1107 1278 seq:
1291 1203 1293 1206 ’

358 1317 524 1400 »Maxima
548 1321 604 1402 qui
629 1318 724 1382 claris
748 1339 867 1382 nomen
885 1319 1061 1383 virtutibus
1086 1339 1213 1402 aequas,

358 1423 427 1488 Nec
451 1427 531 1489 sinis
554 1427 726 1510 ingenium
749 1426 917 1490 nobilitate
940 1429 1057 1510 premi«

189 1549 241 1613 vel
259 1553 312 1633 ep.
337 1568 379 1613 ex
402 1549 506 1614 Ponto
530 1549 591 1632 Ill,
614 1553 634 1614 2
659 1572 687 1614 v.
714 1553 776 1616 103
801 1571 874 1634 seq:

296 1674 414 1758 11111111,
439 1677 525 1758 quod
550 1682 599 1740 est
621 1677 750 1740 animus
774 1696 901 1760 semper
923 1676 982 1740 tibi
1007 1678 1094 1741 mitis
1119 1677 1255 1741 1111111

296 1780 461 1846 Iudicium
485 1803 591 1847 mores
607 1782 791 1847 ,nobilitatis
815 1783 948 1848 babent«

190 1912 221 1972 et
244 1907 353 1991 paullo
376 1908 462 1972 111111
485 1909 529 1970 in.
545 1907 691 1972 eiusdem
715 1910 867 1972 carminis
890 1928 971 1973 vers.
999 1910 1062 1972 109
1087 1928 1150 1990 seq.
1176 1907 1299 1972 Cottam
1324 1911 1368 1972 ita

190 2014 381 2100 alloquitur:

350 2121 470 2207 »Digne
494 2124 545 2184 vir
567 2122 627 2185 hac
650 2124 741 2205 serie,
765 2123 853 2207 lapso
878 2142 1067 2188 succurrere
1092 2123 1195 2186 amico

351 2228 555 2294 Conveniens
578 2230 648 2293 istis
671 2228 816 2293 moribus
840 2249 910 2294 esso
933 2230 1046 2312 puta?

279 2424 354 2489 Jam
388 2445 462 2490 vero
492 2427 532 2489 ad
564 2428 785 2510 quaestionem
802 2425 904 2506 illam
928 2427 1098 2489 veniamus
1129 2431 1159 2488 11
1189 2424 1369 2504 videamus,

191 2551 350 2616 quaenam
373 2531 527 2597 Tristium
551 2533 672 2617 elegiae
702 2539 733 2597 et
757 2533 875 2615 quibus
899 2532 938 2596 de
962 2533 1068 2595 causis
1091 2531 1235 2595 Maximo
1260 2531 1368 2595 Cottae

190 2639 382 2703 tribuendae
407 2640 480 2702 sint.
923 2621 925 2626 ⁵

280 2746 330 2809 Ao
347 2746 490 2828 primum
510 2747 642 2828 quidem
662 2747 828 2831 elegiam
847 2749 867 2809 4
887 2745 982 2809 libri
1006 2745 1054 2808 IV
1074 2745 1165 2808 alteri
1181 2745 1370 2810 Messalino-

190 2873 264 2916 rum
287 2851 528 2916 inscribendam
552 2871 621 2917 esse
644 2853 702 2916 vix
726 2855 899 2936 quisquam
922 2851 1062 2937 negabit.

201 2951 204 2957 ’
280 2958 426 3023 Eandem
458 2961 543 3024 enim
573 2960 768 3036 facundiam,
796 2980 895 3043 quam
923 2961 1063 3024 amicum
1089 2958 1205 3023 habere
1231 2957 1369 3022 Ovidius

190 3086 272 3131 vers.
298 3069 317 3129 5
342 3068 443 3130 nostri
468 3068 621 3130 carminis
644 3067 694 3130 his
717 3066 825 3130 verbis
849 3067 940 3130 dicit:

342 3189 458 3256 »Cuius
481 3194 516 3256 in
539 3193 671 3277 ingenio
695 3198 743 3256 est
766 3192 888 3276 patriae
912 3191 1066 3255 facundia
1091 3191 1232 3274 linguae,

344 3298 415 3375 Qua
438 3300 526 3383 prior
547 3300 582 3362 in
600 3297 690 3364 Latio
714 3318 780 3362 non
803 3298 867 3362 fuit
889 3297 1063 3361 ullafom«

191 3424 404 3488 Messalinum
429 3428 460 3488 et
483 3422 608 3488 Cottam
632 3443 650 3486 a
672 3429 762 3508 patre
786 3443 854 3504 suo,
878 3428 1003 3486 oratore
1025 3422 1082 3485 illo
1102 3422 1290 3502 clarissimo,
1314 3422 1370 3504 qui

191 3530 232 3595 ab
257 3530 373 3596 Cnidio
396 3532 467 3615 ipso
490 3529 613 3606 >›Latiae
636 3530 789 3595 facundia
811 3531 957 3614 linguae«
980 3532 1040 3613 (ep.
1066 3547 1108 3593 cx
1131 3527 1167 3592 P.
1190 3528 1233 3609 Π,
1262 3532 1291 3609 3,
1317 3529 1371 3598 7111

192 3638 381 3722 appellatur,
405 3639 498 3721 quasi
524 3637 735 3702 hereditatem
759 3639 921 3722 accepisse
945 3637 1075 3720 saepius
1098 3637 1134 3698 in
1158 3635 1305 3719 epistulis
1330 3655 1369 3698 er

192 3744 296 3808 Ponto
317 3751 594 3808 commemoratur.
632 3743 733 3809 Velut
750 3746 786 3809 in
805 3743 943 3829 epistula
962 3743 1002 3806 ad
1021 3742 1235 3808 Messalinum
1254 3744 1373 3825 scripta
1436 3787 1440 3794 -

194 3855 249 3933 (ex
281 3850 384 3916 Ponto
417 3851 460 3933 II,
493 3852 566 3914 av.
590 3853 632 3916 49
658 3870 722 3934 seq.
756 3853 804 3915 ed.
837 3849 941 3932 Korn)
974 3851 1034 3912 hoc
1067 3848 1107 3914 de
1130 3849 1284 3914 fratribus
1308 3849 1372 3910 illis

192 3958 356 4042 praedicat
379 3965 472 4042 poeta
496 3965 618 4022 noster:

354 4083 458 4148 »Vivit
482 4086 569 4148 enim
592 4085 627 4146 in
649 4082 742 4146 robis
765 4083 898 4146 facundi
921 4082 1035 4166 lingua
1058 4083 1207 4164 parentis,

354 4189 396 4254 Et
419 4210 469 4255 res
493 4191 645 4255 heredem
669 4191 810 4274 repperit
833 4189 889 4251 illa
913 4209 1034 4251 suum«

193 4304 226 4362 et
248 4297 460 4362 Messalinum
479 4298 586 4381 ipsum
605 4297 754 4362 versibus
773 4295 1039 4360 antecedentibus
1064 4298 1108 4360 ita
1131 4301 1178 4360 est
1198 4296 1377 4358 allocutum
1464 4309 1467 4318 ’
