3252 4960
694 341 913 400 „14-

217 515 303 596 qarod
333 514 371 576 ab
403 515 457 576 illo
487 535 571 578 anno
600 537 628 597 p.
658 515 728 578 Chr.
761 518 802 578 27
835 517 883 578 vel
922 517 1030 599 paullo
1069 523 1176 598 postea
1211 557 1251 563 -
1286 539 1391 601 neque

216 628 324 684 tamen
342 628 414 704 post
433 642 554 685 annum
574 624 616 684 ab
639 659 681 668 -
706 623 877 706 proconsul
901 623 999 686 Asiae
1023 623 1126 686 factus
1151 627 1240 706 est1).
1288 624 1391 700 Quam

217 730 251 791 in
275 730 472 810 provinciam
502 749 577 792 eum
607 735 737 792 secutus
762 737 808 792 est
833 729 981 792 Valerius
1009 729 1206 813 Maximum)
1238 732 1391 814 quicum

217 855 281 897 non
319 835 497 898 minoribus
530 836 681 898 laudibus
715 837 848 917 extollit,
882 857 978 918 quam
1008 836 1187 919 Ovidium).
1243 839 1393 922 Appellat

218 945 303 1006 enim
328 943 400 1006 Sex.
424 942 614 1026 Pompeium
639 962 704 1004 non
728 943 832 1005 solum
852 945 957 1006 virum
981 949 1017 1005 ut
1041 944 1190 1007 omnibus
1211 943 1393 1025 virtutibus,

217 1051 261 1112 ita
285 1050 492 1113 humanitatis
517 1069 645 1133 quoqne
671 1049 819 1113 laudibus
845 1051 1137 1131 instructissimum,
1160 1053 1254 1114 cuius
1279 1072 1317 1115 ex
1340 1073 1392 1116 orc

216 1156 468 1220 facundissimus
498 1175 601 1220 sermo
631 1159 722 1239 quasi
747 1176 764 1221 e
788 1156 880 1220 beato
914 1157 1053 1239 quodam
1081 1157 1283 1239 eloquentiae
1306 1159 1393 1221 fonto

216 1270 334 1343 manet,
358 1264 414 1326 sed
437 1265 530 1326 illum
555 1266 652 1327 etiam
675 1265 793 1347 optime
825 1265 864 1327 de
888 1283 922 1327 se
953 1284 1022 1326 esse
1045 1265 1196 1327 meritum
1219 1265 1393 1348 profitetur.

218 1369 293 1434 Sese
318 1371 404 1433 enim
427 1372 697 1455 promptissimam
721 1370 977 1434 benevolentiam
1006 1371 1094 1433 illius
1127 1373 1188 1432 riri
1225 1377 1394 1455 expertum

218 1496 299 1554 esse·
320 1479 376 1559 qni
399 1479 501 1540 instar
523 1477 585 1541 sibi
609 1479 650 1540 sil
674 1477 862 1558 Alexandri,
887 1497 960 1540 cum
985 1479 1129 1539 oninium
1150 1479 1393 1541 commodorum

219 1585 415 1646 incrementa
445 1585 528 1647 ultro
559 1584 710 1647 obtulerit
741 1591 771 1648 et
802 1585 907 1648 studia
938 1585 1040 1666 ipsius
1064 1584 1164 1647 ductu
1189 1591 1219 1647 et
1243 1586 1394 1668 auspiciis

218 1693 285 1753 suis
315 1691 472 1753 lucidiora
503 1696 534 1754 et
563 1691 716 1754 alacriora
746 1690 920 1754 reddiderit
930 1693 963 1769 4).
1021 1689 1108 1754 Num
1141 1690 1222 1754 forte
1253 1691 1393 1754 Achaiae

219 1816 347 1879 quoque
376 1799 548 1880 proconsul
581 1797 687 1879 faerit,
718 1803 754 1860 ut
776 1796 1020 1880 Dittenbergius
1044 1799 1078 1859 in
1103 1796 1134 1860 O.
1159 1797 1187 1860 J.
1212 1798 1308 1860 attic.
1334 1799 1393 1860 rol.

123 1899 125 1902 ’
218 1903 275 1966 Ill.
299 1911 373 1967 sect.
401 1908 416 1966 1
443 1924 472 1968 n.
498 1906 562 1968 592
587 1905 647 1966 hoe
667 1905 760 1967 titulo
785 1906 874 1968 nisus
898 1905 1094 1987 suspicatur:
1123 1899 1170 1966 ‘H
1194 1899 1289 1987 βουλὴ
1314 1899 1334 1987 ἡ
1360 1902 1392 1980 ἐξ

214 2007 336 2094 Ἀρείου
389 2006 492 2092 πάγου
535 2007 592 2076 καὶ
634 2005 648 2073 ὃ
691 2013 793 2094 δῆμος
835 2007 952 2088 Σέξτον
995 2006 1164 2093 Πομπήιον
1207 2005 1394 2076 οἱνὶῖύπατοο

218 2111 335 2200 ἀρετῆς
364 2115 485 2198 ἕνεκεν,
518 2138 575 2201 pro
609 2124 694 2182 certo
728 2119 790 2181 dici
824 2138 890 2180 non
923 2125 1040 2201 potest,
1083 2119 1170 2200 cpuod
1204 2119 1266 2181 alia
1299 2119 1395 2181 huius

218 2225 264 2286 rei
294 2227 477 2288 testimonia
513 2245 642 2309 promus
675 2226 798 2288 desunt.
853 2225 1021 2288 Praeterea
1052 2225 1208 2308 Borghesi
1219 2227 1243 2305 ³)
1278 2227 1395 2288 conicit

218 2330 291 2394 Sex.
311 2331 502 2416 Pompeium
521 2351 596 2396 eum
613 2331 723 2398 fuisse.
743 2332 782 2394 de
802 2352 865 2414 quo
889 2333 923 2393 in
942 2333 1021 2394 actis
1040 2331 1174 2394 fratrum
1193 2333 1396 2416 Arvanumt)

218 2439 258 2501 ad
287 2459 408 2502 annum
433 2461 463 2504 n.
488 2460 513 2503 c.
541 2441 602 2503 767
628 2439 777 2502 traditur:
812 2439 992 2501 »inlocum
1026 2437 1080 2501 On.
1113 2439 1260 2524 (Pompei
1293 2437 1328 2513 Q.
1361 2438 1394 2516 f.)

219 2594 405 2608 ......
454 2546 645 2631 Pompeium
684 2565 839 2630 augurem
874 2552 904 2608 et
948 2547 980 2606 in
1022 2546 1129 2608 locum
1171 2545 1396 2629 imp(eratoris)

217 2651 387 2735 (Caesaris)
411 2653 552 2737 Augusti
578 2703 708 2716 .....
711 2679 724 2710 a

309 2758 416 2823 Ovidii
450 2767 557 2824 autem
588 2763 749 2845 epistulas,
778 2781 858 2846 quas
888 2779 928 2822 ex
957 2757 1060 2822 Ponto
1089 2759 1128 2821 ad
1157 2758 1244 2821 lmnc
1268 2761 1395 2842 scripsit

218 2867 358 2929 amicum
390 2867 458 2948 (IV,
484 2872 510 2930 1.
530 2871 559 2931 4.
585 2871 613 2931 b.
636 2868 698 2952 15),
722 2869 749 2930 si
768 2868 966 2950 respicimus,
990 2868 1066 2928 satis
1086 2866 1302 2948 intellegimus
1321 2867 1394 2928 Ser.

219 2971 408 3055 Pompeium
431 2980 566 3057 poetam,
599 2983 754 3058 quantum
777 2975 926 3057 potuerit,
957 2979 1112 3056 potestate
1136 2978 1167 3035 et
1190 2971 1304 3054 opibus
1328 2974 1395 3034 suis

219 3079 381 3142 adiuvisse
413 3083 547 3165 eiusque
579 3083 675 3146 vitam
708 3067 859 3146 servasse.
907 3077 1088 3154 Quodam
1113 3079 1217 3142 solum
1241 3099 1282 3140 ex
1306 3081 1394 3162 epist.

220 3204 265 3254 exp
285 3186 388 3250 Ponto
412 3187 468 3270 IV,
493 3193 512 3252 5
537 3191 760 3272 comperimus
786 3186 841 3250 ubi
865 3208 893 3248 r.
920 3189 961 3250 37
986 3206 1050 3269 seq.
1075 3187 1228 3270 legimus:

293 3489 312 3550 1)
332 3489 364 3541 cl.
385 3489 621 3558 Waddington:
654 3489 748 3543 Fastes
782 3489 829 3540 des
862 3488 1003 3556 provinces
1035 3487 1185 3554 asiatiques
1214 3488 1246 3539 de
1274 3485 1396 3552 l‘enrpire-

219 3575 335 3630 Romaiu
354 3578 449 3646 depuis
467 3577 528 3630 leur
545 3579 650 3648 migine
669 3585 720 3632 etc.
740 3578 760 3644 I,
780 3593 839 3646 pag.
862 3582 920 3631 118.

292 3666 312 3734 Ξ)
332 3668 364 3720 cf.
384 3667 475 3722 Valet.
496 3668 632 3722 Maximus
650 3667 685 3733 Π,
705 3672 729 3722 6.
749 3671 766 3720 8
785 3667 858 3719 init:
885 3666 986 3731 »Quam
1005 3665 1232 3718 consuetudinem
1252 3693 1285 3702 -
1311 3663 1395 3716 etiam

221 3755 250 3807 in
268 3756 358 3810 insula
377 3758 429 3811 Ceo
449 3757 552 3810 serrari
571 3757 762 3822 animadverti,
782 3772 834 3824 quo
855 3760 980 3823 tempore.
1002 3754 1095 3807 Asiam·
1116 3769 1179 3806 cum
1194 3751 1255 3806 Sex.
1270 3751 1396 3819 Pompeio

221 3850 324 3912 petens,
342 3845 436 3900 Julida
454 3846 583 3914 oppidum
601 3846 726 3899 intravi«

293 3933 314 4002 ³)
333 3934 351 3988 l.
371 3952 393 3988 c.
413 3935 506 4002 etIV,
526 3939 541 3988 7
562 3939 616 3988 ext.
637 3937 660 3988 2.

293 4023 315 4092 ⁴)
334 4023 367 4076 de
386 4023 445 4078 Sex.
465 4025 592 4093 Pompeio
610 4026 643 4078 cf.
663 4025 818 4092 Nipperd.
845 4023 879 4076 ad
902 4022 986 4075 Tacit.
1006 4024 1075 4073 Ann.
1096 4019 1144 4086 ΙΙΙ,
1167 4024 1207 4072 11.
1244 4017 1396 4084 Lipsium
1437 4027 1439 4034 “

222 4113 256 4166 ad
270 4113 386 4166 eundem
398 4114 483 4170 Taciti
493 4115 591 4170 locum.
629 4113 740 4182 Pauly.
761 4113 972 4181 encyclcp.s.v.
1010 4106 1396 4173 D1·u1nann.l.l.rol.ll',

222 4219 282 4273 pag.
302 4208 362 4258 318.
1357 4211 1359 4218 ·

294 4293 315 4362 ⁵)
336 4293 456 4346 Oeuvres
476 4293 508 4359 V,
530 4299 587 4347 135.

251 4439 254 4446 ,
295 4383 315 4451 ⁶)
334 4381 446 4436 Henzen
464 4399 524 4452 pag.
544 4381 636 4435 XXX.
