3252 4960
764 284 976 346 -30-

280 457 322 538 id,
356 458 442 540 quod
474 457 627 521 Ovidium
660 461 808 542 inprimis
839 460 878 523 ab
907 462 966 523 hor
1000 467 1107 543 petere
1140 460 1242 521 amico
1267 459 1329 519 iam
1354 475 1450 538 supra

280 564 429 627 vidimus.

369 669 518 754 Denique
549 673 602 754 id,
635 665 721 755 cuod
754 673 897 736 Kochius
931 674 1055 754 attulit,
1091 692 1156 734 non
1189 672 1275 734 omni
1309 670 1451 732 veritatis

281 780 385 860 specie
410 798 517 842 carere
545 780 674 843 videtur
704 779 827 843 verbis:
870 780 967 843 »Pars
997 780 1148 844 desiderii
1178 778 1320 841 maxima
1351 795 1451 859 paene

281 886 358 947 mei«
369 885 391 967 ¹)
415 884 551 948 Maximi
573 905 692 950 nomen
717 886 900 969 significari.
925 964 926 970 ἵ

247 1067 250 1076 ,
371 989 459 1066 Quae
484 1012 557 1054 cum
582 994 690 1056 onmia
720 995 838 1076 optime
867 994 908 1056 ad
931 993 1082 1056 Paullum
1111 993 1247 1056 Fabium
1272 990 1451 1054 Maximum

282 1098 455 1180 quadrent,
488 1099 619 1162 adducti
652 1119 780 1179 sumus,
812 1107 849 1163 ut
877 1102 937 1163 hoc
961 1120 1090 1164 carmen
1114 1101 1189 1163 huic
1213 1101 1315 1162 amico
1340 1099 1452 1160 inscri-

281 1205 403 1269 bamus.

369 1295 483 1395 Neque
513 1314 622 1375 minus
653 1321 724 1396 apte
748 1315 880 1378 alteram
904 1315 1040 1397 elegiam
1070 1314 1118 1376 illi
1146 1313 1349 1376 tribuendam
1384 1331 1452 1375 esse

281 1419 374 1481 nobis
397 1439 587 1503 persuasum
612 1419 867 1500 est,Tristiun1
892 1421 984 1504 eleg.
1007 1420 1049 1502 V,'
1071 1419 1134 1502 22).
1320 1491 1321 1494 Ἴ

371 1524 441 1600 Quo
465 1527 498 1587 in
523 1528 662 1589 carmine
687 1525 823 1589 Ovidius
848 1529 986 1590 amioum
1011 1527 1173 1610 quendam
1199 1527 1393 1607 adhortatur,
1417 1532 1452 1588 nt

282 1633 411 1696 tandem
444 1633 616 1715 aliquando
650 1632 817 1697 Caesarem
849 1653 906 1717 pro
940 1654 974 1698 se
1004 1640 1102 1717 roget.
1154 1633 1318 1696 Facillime
1346 1638 1452 1696 autem

281 1740 426 1822 intellegi
445 1745 556 1822 potest,
575 1739 710 1803 Fabium
730 1740 912 1804 Maximum
931 1747 1061 1825 proptor
1078 1741 1168 1803 illam
1188 1741 1290 1822 ipsam
1310 1738 1452 1802 Caesaris

282 1847 530 1910 familiaritatem
553 1867 619 1909 non
642 1849 784 1930 potuisse
808 1855 873 1911 tam
893 1853 1000 1930 aperte
1024 1853 1055 1910 et
1077 1849 1235 1910 instanter
1260 1847 1299 1910 ab
1319 1846 1451 1929 impera-

266 1962 350 2017 tore
383 1959 494 2036 poetae
517 1955 597 2016 irato
627 1955 755 2017 reniam
785 1973 841 2037 pro
870 1954 990 2018 infelici
1020 1952 1123 2016 amico
1147 1960 1262 2036 potere.
1308 1952 1450 2016 Fortasse

284 2062 390 2124 statim
420 2061 511 2124 initio
541 2061 683 2144 Augusti
710 2062 791 2122 iram
820 2060 938 2123 frustra
970 2061 1071 2123 lenire
1102 2068 1234 2122 conatus
1266 2066 1346 2139 erat,
1375 2079 1452 2122 num

283 2169 391 2251 paullo
415 2173 523 2250 postea
547 2169 617 2230 sine
641 2167 708 2229 ulla
732 2166 931 2232 dubitatione
954 2170 1070 2231 iterum
1094 2187 1150 2250 pro
1176 2167 1271 2230 exule
1292 2167 1454 2249 deprecari

285 2277 314 2338 ei
339 2276 454 2338 licuit?
495 2273 610 2357 Itaque
634 2294 831 2356 quamquam
856 2276 884 2335 oi
909 2295 1035 2357 semper
1066 2275 1126 2337 hoc
1155 2274 1255 2336 fuisse
1282 2275 1316 2334 in
1347 2273 1453 2334 animo

285 2388 424 2462 constat³
457 2388 564 2444 tamen
597 2401 672 2444 eum
705 2382 861 2444 voluntati
885 2383 980 2444 amici
1006 2401 1174 2463 nunquam
1198 2382 1340 2462 potuisse
1365 2381 1456 2442 satis-

283 2489 388 2552 facere
413 2507 516 2570 usque
540 2487 581 2550 ad
603 2493 737 2552 mortem
763 2507 854 2550 suam
878 2507 920 2550 en
940 2486 1047 2549 Ovidii
1070 2489 1172 2570 ipsius
1196 2486 1303 2550 verbis
1323 2507 1456 2570 cognos-

286 2597 405 2674 cimus,
437 2596 492 2677 qui
522 2594 561 2657 de
585 2595 645 2656 hoc
676 2596 744 2656 viro
775 2596 810 2656 in
835 2614 881 2677 ep.
913 2613 954 2657 ex
977 2594 1079 2657 Ponto
1103 2593 1164 2674 IV,
1196 2595 1267 2656 dv.
1295 2597 1332 2656 11
1360 2595 1454 2656 dicit:

284 2699 426 2764 »Occidis
451 2705 525 2763 ante
548 2720 681 2782 preces«
727 2699 836 2775 Quid?
865 2701 914 2763 his
946 2702 985 2765 de
1016 2703 1120 2764 causis
1145 2720 1251 2764 nonne
1269 2707 1324 2764 est
1345 2701 1457 2764 verisi-

283 2808 454 2870 millimum
485 2803 731 2890 poetanr,'cun1
763 2808 849 2870 lmnc
882 2827 1010 2891 quoque
1041 2809 1180 2870 amicum
1205 2813 1268 2870 tam
1293 2812 1456 2890 potentem

285 2921 442 2997 anteaque
466 2921 531 2976 tam
554 2914 655 2977 fidum
680 2914 878 2977 strbtraxisse
901 2915 1053 2977 »effracto
1085 2914 1166 2976 oolla
1196 2915 1293 2996 iugo«
1321 2920 1456 2996 putaret,
1552 2921 1555 2928 '

284 3023 313 3084 ei
328 3022 463 3104 elegiam
480 3022 587 3104 gravis
611 3023 855 3105 vituperationis
873 3040 1080 3104 summaeque
1097 3020 1335 3103 desperationis,
1353 3022 1456 3084 maxi·

259 3129 548 3191 ‘mae'anxietatis
582 3133 613 3191 et
640 3129 782 3210 trepidae
814 3130 914 3190 animi
943 3128 1118 3190 allectionis
1147 3127 1275 3211 plenam
1307 3128 1455 3190 misisse?

356 3431 375 3498 1)
397 3447 420 3482 r.
441 3432 482 3482 20.
844 3475 847 3479 Α

355 3519 376 3587 ²)
395 3517 551 3572 Loersius
571 3517 600 3569 in
618 3517 751 3584 prooemio
773 3517 807 3569 ad
826 3516 854 3570 h.
868 3534 890 3570 c.
911 3520 938 3570 et
957 3516 1156 3572 Woelfelius
1175 3517 1192 3572 l.
1206 3517 1224 3570 l.
1244 3522 1386 3587 pag.183·2
1406 3518 1456 3569 hoo

284 3625 392 3663 carmen
417 3607 492 3661 uxori
519 3607 655 3672 tribuunt,
687 3607 758 3674 quod
788 3607 866 3660 nobis
897 3607 1007 3660 ridetur
1030 3623 1089 3660 esse
1116 3607 1205 3660 minus
1233 3606 1387 3659 verisimile.
1424 3605 1456 3658 In

284 3697 409 3752 omnibus
423 3695 495 3749 onim
515 3695 609 3764 elegiis
629 3696 663 3748 ad
675 3695 752 3750 illam
771 3695 863 3750 missis
882 3696 913 3764 (Ι,
928 3700 951 3748 6.
968 3695 1017 3761 ΠΙ,
1037 3703 1060 3749 3.
1080 3696 1128 3762 IV,
1147 3701 1171 3749 3.
1191 3697 1224 3762 V,
1247 3695 1297 3764 11.)
1317 3712 1376 3748 eam
1389 3711 1455 3748 mo-

284 3803 340 3838 rem
359 3785 492 3839 allocutus
513 3788 555 3839 est
574 3787 601 3837 ot
620 3785 701 3838 rerba
721 3785 801 3838 initio
821 3784 888 3854 eleg.
907 3784 940 3850 V,
961 3789 991 3836 ⁶2:

515 3874 619 3942 Ecquid
639 3873 685 3925 nbi
705 3891 719 3926 e
739 3873 823 3927 Ponto
842 3891 912 3926 nova
931 3875 1007 3926 venit
1025 3873 1139 3942 epistola
1158 3872 1243 3940 palles

514 3963 548 4015 Et
567 3963 618 4015 tibi
637 3962 755 4016 sollicita
774 3962 890 4016 solvitur
910 3962 957 4015 illa
976 3979 1065 4028 roano,

284 4053 336 4106 rel.
356 4070 381 4105 v.
402 4057 448 4106 34:
474 4052 574 4119 »Esset
596 4068 665 4120 quae
684 4051 773 4126 debet,
793 4051 816 4104 si
830 4051 881 4104 tibi
900 4068 965 4105 cura
984 4053 1055 4104 mei«
1075 4051 1182 4118 aliaque
1201 4051 1301 4118 optime
1321 4054 1378 4104 tam
1397 4068 1457 4104 earo

284 4143 369 4196 amico
388 4142 504 4196 scribere
524 4141 618 4209 potuit.
650 4141 771 4194 Koohiue
784 4141 854 4194 hanc
868 4156 973 4208 quoque
993 4140 1059 4210 eleg.
1074 4140 1194 4194 Maximo
1206 4140 1341 4208 inscribit,
1362 4157 1456 4208 quam-

285 4247 365 4299 quam
384 4248 487 4298 causas⁷
507 4247 574 4298 quas
594 4229 689 4283 attulit
708 4246 761 4282 non
779 4230 929 4297 probamur.
968 4229 1040 4282 Nam
1058 4247 1091 4281 ex
1105 4229 1286 4283 similitudine
1305 4230 1456 4283 sententia-

284 4337 351 4387 rum,
372 4337 441 4388 quae
460 4321 516 4372 sint
534 4337 672 4388 personae,
691 4335 743 4371 non
762 4320 850 4386 potest
870 4318 1001 4372 concludi,
