<?xml version="1.0" encoding="UTF-8"?>
<!DOCTYPE html PUBLIC "-//W3C//DTD XHTML 1.0 Transitional//EN"
    "http://www.w3.org/TR/xhtml1/DTD/xhtml1-transitional.dtd">
<html xmlns="http://www.w3.org/1999/xhtml" xml:lang="en" lang="en">
 <head>
  <title>
</title>
<meta http-equiv="Content-Type" content="text/html;charset=utf-8" />
  <meta name='ocr-system' content='tesseract 3.04.00' />
  <meta name='ocr-capabilities' content='ocr_page ocr_carea ocr_par ocr_line ocrx_word'/>
</head>
<body>
  <div class='ocr_page' id='page_1' title='image "./deamicoruminovi00loregoog_0023.png"; bbox 0 0 3252 4960; ppageno 0'>
   <div class='ocr_carea' id='block_1_1' title="bbox 687 291 906 350">
    <p class='ocr_par' dir='ltr' id='par_1_1' title="bbox 687 291 906 350">
     <span class='ocr_line' id='line_1_1' title="bbox 687 291 906 350; baseline -0.005 -16"><span class='ocrx_word' id='word_1_1' title='bbox 687 291 906 350; x_wconf 57' lang='lat'>„12-</span> 
     </span>
    </p>
   </div>
   <div class='ocr_carea' id='block_1_2' title="bbox 171 465 1389 3752">
    <p class='ocr_par' dir='ltr' id='par_1_2' title="bbox 171 465 1387 2258">
     <span class='ocr_line' id='line_1_2' title="bbox 390 465 1206 549; baseline 0.002 -25"><span class='ocrx_word' id='word_1_2' title='bbox 390 467 483 530; x_wconf 76' lang='lat' dir='ltr'>»Pars</span> <span class='ocrx_word' id='word_1_3' title='bbox 507 468 583 530; x_wconf 88' lang='lat' dir='ltr'>estis</span> <span class='ocrx_word' id='word_1_4' title='bbox 607 468 702 549; x_wconf 88' lang='lat' dir='ltr'>pauci</span> <span class='ocrx_word' id='word_1_5' title='bbox 726 467 848 545; x_wconf 71' lang='lat' dir='ltr'>nrolior,</span> <span class='ocrx_word' id='word_1_6' title='bbox 873 467 926 548; x_wconf 91' lang='lat' dir='ltr'>qui</span> <span class='ocrx_word' id='word_1_7' title='bbox 952 465 1048 528; x_wconf 88' lang='lat' dir='ltr'>rebus</span> <span class='ocrx_word' id='word_1_8' title='bbox 1072 466 1106 527; x_wconf 94' lang='lat' dir='ltr'>in</span> <span class='ocrx_word' id='word_1_9' title='bbox 1130 467 1206 529; x_wconf 84' lang='lat' dir='ltr'>artis</span> 
     </span>
     <span class='ocr_line' id='line_1_3' title="bbox 390 573 1143 656; baseline -0.008 -20"><span class='ocrx_word' id='word_1_10' title='bbox 390 573 485 638; x_wconf 83' lang='lat' dir='ltr'>Terre</span> <span class='ocrx_word' id='word_1_11' title='bbox 509 574 586 636; x_wconf 89' lang='lat' dir='ltr'>mihi</span> <span class='ocrx_word' id='word_1_12' title='bbox 611 574 735 637; x_wconf 84' lang='lat' dir='ltr'>nullam</span> <span class='ocrx_word' id='word_1_13' title='bbox 759 582 852 656; x_wconf 81' lang='lat' dir='ltr'><strong>turpe</strong></span> <span class='ocrx_word' id='word_1_14' title='bbox 876 573 1012 656; x_wconf 84' lang='lat' dir='ltr'>putastis</span> <span class='ocrx_word' id='word_1_15' title='bbox 1036 591 1143 655; x_wconf 76' lang='lat' dir='ltr'>opem«</span> 
     </span>
     <span class='ocr_line' id='line_1_4' title="bbox 208 679 1386 764; baseline 0 -20"><span class='ocrx_word' id='word_1_16' title='bbox 208 688 308 764; x_wconf 92' lang='lat' dir='ltr'>utque</span> <span class='ocrx_word' id='word_1_17' title='bbox 332 683 365 743; x_wconf 93' lang='lat' dir='ltr'>in</span> <span class='ocrx_word' id='word_1_18' title='bbox 389 681 476 744; x_wconf 91' lang='lat' dir='ltr'>illius</span> <span class='ocrx_word' id='word_1_19' title='bbox 499 679 651 743; x_wconf 88' lang='lat' dir='ltr'>Tristium</span> <span class='ocrx_word' id='word_1_20' title='bbox 675 681 827 743; x_wconf 83' lang='lat' dir='ltr'><strong>carminis</strong></span> <span class='ocrx_word' id='word_1_21' title='bbox 854 698 950 742; x_wconf 88' lang='lat' dir='ltr'>versu</span> <span class='ocrx_word' id='word_1_22' title='bbox 982 681 1002 742; x_wconf 83' lang='lat'>2</span> <span class='ocrx_word' id='word_1_23' title='bbox 1027 679 1113 742; x_wconf 88' lang='lat' dir='ltr'>hunc</span> <span class='ocrx_word' id='word_1_24' title='bbox 1137 681 1276 743; x_wconf 77' lang='lat' dir='ltr'>sinleum</span> <span class='ocrx_word' id='word_1_25' title='bbox 1299 684 1386 744; x_wconf 85' lang='lat' dir='ltr'>»uni-</span> 
     </span>
     <span class='ocr_line' id='line_1_5' title="bbox 209 787 1387 871; baseline -0.003 -21"><span class='ocrx_word' id='word_1_26' title='bbox 209 807 277 851; x_wconf 86' lang='lat' dir='ltr'>cam</span> <span class='ocrx_word' id='word_1_27' title='bbox 290 807 391 851; x_wconf 80' lang='lat' dir='ltr'>aram«</span> <span class='ocrx_word' id='word_1_28' title='bbox 401 788 546 871; x_wconf 67' lang='lat' dir='ltr'>appellat,</span> <span class='ocrx_word' id='word_1_29' title='bbox 557 788 645 850; x_wconf 90' lang='lat' dir='ltr'>sicin</span> <span class='ocrx_word' id='word_1_30' title='bbox 659 787 757 850; x_wconf 91' lang='lat' dir='ltr'>huius</span> <span class='ocrx_word' id='word_1_31' title='bbox 770 787 926 870; x_wconf 80' lang='lat' dir='ltr'>epistulae</span> <span class='ocrx_word' id='word_1_32' title='bbox 935 805 1016 849; x_wconf 87' lang='lat' dir='ltr'>vers.</span> <span class='ocrx_word' id='word_1_33' title='bbox 1031 788 1065 849; x_wconf 88' lang='lat'>6:</span> <span class='ocrx_word' id='word_1_34' title='bbox 1082 805 1245 850; x_wconf 86' lang='lat' dir='ltr'>»ancoram</span> <span class='ocrx_word' id='word_1_35' title='bbox 1262 789 1387 850; x_wconf 75' lang='lat' dir='ltr'>solam«</span> 
     </span>
     <span class='ocr_line' id='line_1_6' title="bbox 297 893 1386 977; baseline 0.002 -21"><span class='ocrx_word' id='word_1_36' title='bbox 297 893 338 958; x_wconf 79' lang='lat' dir='ltr'>m</span> <span class='ocrx_word' id='word_1_37' title='bbox 368 895 408 957; x_wconf 92' lang='lat' dir='ltr'>ad</span> <span class='ocrx_word' id='word_1_38' title='bbox 440 913 611 976; x_wconf 83' lang='lat' dir='ltr'>quemnam</span> <span class='ocrx_word' id='word_1_39' title='bbox 642 895 748 976; x_wconf 91' lang='lat' dir='ltr'>aptius</span> <span class='ocrx_word' id='word_1_40' title='bbox 781 896 960 977; x_wconf 90' lang='lat' dir='ltr'>pertineant</span> <span class='ocrx_word' id='word_1_41' title='bbox 984 893 1088 956; x_wconf 90' lang='lat' dir='ltr'>ultimi</span> <span class='ocrx_word' id='word_1_42' title='bbox 1112 899 1240 956; x_wconf 89' lang='lat' dir='ltr'>nostrae</span> <span class='ocrx_word' id='word_1_43' title='bbox 1265 893 1386 976; x_wconf 82' lang='lat' dir='ltr'>elegiae</span> 
     </span>
     <span class='ocr_line' id='line_1_7' title="bbox 171 985 1098 1083; baseline 0.001 -22"><span class='ocrx_word' id='word_1_44' title='bbox 171 985 172 992; x_wconf 9' lang='grc' dir='ltr'>ἵ</span> <span class='ocrx_word' id='word_1_45' title='bbox 208 1021 329 1081; x_wconf 72' lang='lat' dir='ltr'>versus,</span> <span class='ocrx_word' id='word_1_46' title='bbox 354 1021 451 1083; x_wconf 89' lang='lat' dir='ltr'>quam</span> <span class='ocrx_word' id='word_1_47' title='bbox 475 1001 514 1064; x_wconf 89' lang='lat' dir='ltr'>ad</span> <span class='ocrx_word' id='word_1_48' title='bbox 540 999 686 1063; x_wconf 80' lang='lat' dir='ltr'>Cottam?</span> <span class='ocrx_word' id='word_1_49' title='bbox 732 999 885 1083; x_wconf 83' lang='lat' dir='ltr'>Legimus</span> <span class='ocrx_word' id='word_1_50' title='bbox 910 1001 995 1064; x_wconf 90' lang='lat' dir='ltr'>enim</span> <span class='ocrx_word' id='word_1_51' title='bbox 1020 1000 1098 1062; x_wconf 87' lang='lat' dir='ltr'>illic:</span> 
     </span>
     <span class='ocr_line' id='line_1_8' title="bbox 390 1107 1192 1191; baseline 0.001 -24"><span class='ocrx_word' id='word_1_52' title='bbox 390 1107 524 1191; x_wconf 82' lang='lat' dir='ltr'>»Diligat</span> <span class='ocrx_word' id='word_1_53' title='bbox 549 1114 579 1171; x_wconf 90' lang='lat' dir='ltr'>et</span> <span class='ocrx_word' id='word_1_54' title='bbox 603 1126 737 1190; x_wconf 71' lang='lat' dir='ltr'>semper,</span> <span class='ocrx_word' id='word_1_55' title='bbox 761 1108 867 1170; x_wconf 89' lang='lat' dir='ltr'>socius</span> <span class='ocrx_word' id='word_1_56' title='bbox 891 1113 923 1171; x_wconf 92' lang='lat' dir='ltr'>te</span> <span class='ocrx_word' id='word_1_57' title='bbox 946 1107 1113 1190; x_wconf 87' lang='lat' dir='ltr'>sanguinis</span> <span class='ocrx_word' id='word_1_58' title='bbox 1138 1108 1192 1169; x_wconf 91' lang='lat' dir='ltr'>illo</span> 
     </span>
     <span class='ocr_line' id='line_1_9' title="bbox 392 1213 1086 1298; baseline -0.003 -20"><span class='ocrx_word' id='word_1_59' title='bbox 392 1214 461 1290; x_wconf 78' lang='lat' dir='ltr'>Quo</span> <span class='ocrx_word' id='word_1_60' title='bbox 485 1216 558 1298; x_wconf 90' lang='lat' dir='ltr'>pius</span> <span class='ocrx_word' id='word_1_61' title='bbox 581 1214 696 1278; x_wconf 87' lang='lat' dir='ltr'>affectu</span> <span class='ocrx_word' id='word_1_62' title='bbox 720 1213 849 1278; x_wconf 81' lang='lat' dir='ltr'>Castora</span> <span class='ocrx_word' id='word_1_63' title='bbox 872 1214 971 1278; x_wconf 83' lang='lat' dir='ltr'>frater</span> <span class='ocrx_word' id='word_1_64' title='bbox 994 1219 1086 1277; x_wconf 89' lang='lat' dir='ltr'>amat.</span> 
     </span>
     <span class='ocr_line' id='line_1_10' title="bbox 392 1321 1234 1405; baseline -0.004 -20"><span class='ocrx_word' id='word_1_65' title='bbox 392 1321 444 1385; x_wconf 87' lang='lat' dir='ltr'>Sic</span> <span class='ocrx_word' id='word_1_66' title='bbox 467 1323 594 1384; x_wconf 74' lang='lat' dir='ltr'>iuvenis</span> <span class='ocrx_word' id='word_1_67' title='bbox 618 1322 798 1405; x_wconf 89' lang='lat' dir='ltr'>similisque</span> <span class='ocrx_word' id='word_1_68' title='bbox 821 1321 881 1385; x_wconf 91' lang='lat' dir='ltr'>tibi</span> <span class='ocrx_word' id='word_1_69' title='bbox 904 1323 946 1384; x_wconf 77' lang='lat' dir='ltr'>stt</span> <span class='ocrx_word' id='word_1_70' title='bbox 968 1327 1063 1385; x_wconf 90' lang='lat' dir='ltr'>natus</span> <span class='ocrx_word' id='word_1_71' title='bbox 1087 1325 1119 1385; x_wconf 92' lang='lat' dir='ltr'>et</span> <span class='ocrx_word' id='word_1_72' title='bbox 1141 1321 1234 1382; x_wconf 90' lang='lat' dir='ltr'>illum</span> 
     </span>
     <span class='ocr_line' id='line_1_11' title="bbox 390 1428 1126 1512; baseline -0.008 -22"><span class='ocrx_word' id='word_1_73' title='bbox 390 1428 535 1492; x_wconf 87' lang='lat' dir='ltr'>Moribus</span> <span class='ocrx_word' id='word_1_74' title='bbox 559 1435 710 1512; x_wconf 84' lang='lat' dir='ltr'>agnoscat</span> <span class='ocrx_word' id='word_1_75' title='bbox 734 1429 790 1510; x_wconf 93' lang='lat' dir='ltr'>qui</span> <span class='ocrx_word' id='word_1_76' title='bbox 814 1428 893 1491; x_wconf 92' lang='lat' dir='ltr'>libet</span> <span class='ocrx_word' id='word_1_77' title='bbox 917 1447 986 1492; x_wconf 88' lang='lat' dir='ltr'>esse</span> <span class='ocrx_word' id='word_1_78' title='bbox 1009 1433 1126 1492; x_wconf 75' lang='lat' dir='ltr'>tuum«</span> 
     </span>
     <span class='ocr_line' id='line_1_12' title="bbox 298 1532 1386 1618; baseline -0.002 -20"><span class='ocrx_word' id='word_1_79' title='bbox 298 1535 416 1598; x_wconf 86' lang='lat' dir='ltr'>Facere</span> <span class='ocrx_word' id='word_1_80' title='bbox 434 1554 498 1597; x_wconf 90' lang='lat' dir='ltr'>non</span> <span class='ocrx_word' id='word_1_81' title='bbox 519 1554 699 1618; x_wconf 83' lang='lat' dir='ltr'>possumus,</span> <span class='ocrx_word' id='word_1_82' title='bbox 719 1537 799 1617; x_wconf 90' lang='lat' dir='ltr'>quin</span> <span class='ocrx_word' id='word_1_83' title='bbox 818 1534 858 1598; x_wconf 91' lang='lat' dir='ltr'>de</span> <span class='ocrx_word' id='word_1_84' title='bbox 878 1534 987 1598; x_wconf 87' lang='lat' dir='ltr'>Cottae</span> <span class='ocrx_word' id='word_1_85' title='bbox 1005 1534 1103 1597; x_wconf 83' lang='lat' dir='ltr'>fratre</span> <span class='ocrx_word' id='word_1_86' title='bbox 1120 1533 1247 1597; x_wconf 87' lang='lat' dir='ltr'>Valerio</span> <span class='ocrx_word' id='word_1_87' title='bbox 1267 1532 1386 1596; x_wconf 89' lang='lat' dir='ltr'>Messa·</span> 
     </span>
     <span class='ocr_line' id='line_1_13' title="bbox 208 1639 1385 1726; baseline -0.003 -22"><span class='ocrx_word' id='word_1_88' title='bbox 208 1643 273 1705; x_wconf 94' lang='lat' dir='ltr'>lino</span> <span class='ocrx_word' id='word_1_89' title='bbox 307 1642 500 1725; x_wconf 79' lang='lat' dir='ltr'>cogitemus,</span> <span class='ocrx_word' id='word_1_90' title='bbox 530 1662 605 1704; x_wconf 87' lang='lat' dir='ltr'>narn</span> <span class='ocrx_word' id='word_1_91' title='bbox 631 1643 675 1726; x_wconf 88' lang='lat' dir='ltr'>in</span> <span class='ocrx_word' id='word_1_92' title='bbox 697 1641 847 1704; x_wconf 89' lang='lat' dir='ltr'>omnibus</span> <span class='ocrx_word' id='word_1_93' title='bbox 881 1661 982 1725; x_wconf 85' lang='lat' dir='ltr'>paene</span> <span class='ocrx_word' id='word_1_94' title='bbox 1010 1641 1155 1724; x_wconf 80' lang='lat' dir='ltr'>epistulis</span> <span class='ocrx_word' id='word_1_95' title='bbox 1188 1639 1229 1703; x_wconf 90' lang='lat' dir='ltr'>ad</span> <span class='ocrx_word' id='word_1_96' title='bbox 1262 1639 1385 1704; x_wconf 81' lang='lat' dir='ltr'>Cottam</span> 
     </span>
     <span class='ocr_line' id='line_1_14' title="bbox 208 1747 1385 1833; baseline -0.002 -21"><span class='ocrx_word' id='word_1_97' title='bbox 208 1751 334 1833; x_wconf 89' lang='lat' dir='ltr'>scriptis</span> <span class='ocrx_word' id='word_1_98' title='bbox 367 1749 463 1812; x_wconf 90' lang='lat' dir='ltr'>huius</span> <span class='ocrx_word' id='word_1_99' title='bbox 497 1747 604 1811; x_wconf 88' lang='lat' dir='ltr'>fratris</span> <span class='ocrx_word' id='word_1_100' title='bbox 637 1755 730 1832; x_wconf 87' lang='lat' dir='ltr'>poeta</span> <span class='ocrx_word' id='word_1_101' title='bbox 760 1749 838 1811; x_wconf 86' lang='lat' dir='ltr'>fecit</span> <span class='ocrx_word' id='word_1_102' title='bbox 874 1749 1070 1812; x_wconf 87' lang='lat' dir='ltr'>mentionem</span> <span class='ocrx_word' id='word_1_103' title='bbox 1100 1747 1189 1810; x_wconf 85' lang='lat' dir='ltr'>velut</span> <span class='ocrx_word' id='word_1_104' title='bbox 1219 1747 1243 1828; x_wconf 83' lang='grc' dir='ltr'>Ι,</span> <span class='ocrx_word' id='word_1_105' title='bbox 1276 1749 1306 1827; x_wconf 77' lang='grc'>9,</span> <span class='ocrx_word' id='word_1_106' title='bbox 1343 1747 1385 1810; x_wconf 74' lang='grc'>29</span> 
     </span>
     <span class='ocr_line' id='line_1_15' title="bbox 209 1852 1386 1939; baseline -0.003 -20"><span class='ocrx_word' id='word_1_107' title='bbox 209 1856 385 1939; x_wconf 90' lang='lat' dir='ltr'>eodemque</span> <span class='ocrx_word' id='word_1_108' title='bbox 418 1855 512 1918; x_wconf 92' lang='lat' dir='ltr'>modo</span> <span class='ocrx_word' id='word_1_109' title='bbox 545 1855 579 1916; x_wconf 91' lang='lat' dir='ltr'>in</span> <span class='ocrx_word' id='word_1_110' title='bbox 613 1855 758 1938; x_wconf 88' lang='lat' dir='ltr'>epistulis</span> <span class='ocrx_word' id='word_1_111' title='bbox 793 1855 834 1918; x_wconf 90' lang='lat' dir='ltr'>ad</span> <span class='ocrx_word' id='word_1_112' title='bbox 866 1854 1077 1918; x_wconf 87' lang='lat' dir='ltr'>Messalinum</span> <span class='ocrx_word' id='word_1_113' title='bbox 1118 1852 1235 1917; x_wconf 81' lang='lat' dir='ltr'>Cottae.</span> <span class='ocrx_word' id='word_1_114' title='bbox 1300 1852 1386 1916; x_wconf 83' lang='lat' dir='ltr'>Dicit</span> 
     </span>
     <span class='ocr_line' id='line_1_16' title="bbox 209 1962 619 2045; baseline -0.002 -19"><span class='ocrx_word' id='word_1_115' title='bbox 209 1963 296 2026; x_wconf 90' lang='lat' dir='ltr'>enim</span> <span class='ocrx_word' id='word_1_116' title='bbox 319 1962 344 2044; x_wconf 68' lang='grc' dir='ltr'>Ι,</span> <span class='ocrx_word' id='word_1_117' title='bbox 368 1967 397 2044; x_wconf 78' lang='lat'>7,</span> <span class='ocrx_word' id='word_1_118' title='bbox 420 1983 448 2024; x_wconf 75' lang='lat' dir='ltr'>r.</span> <span class='ocrx_word' id='word_1_119' title='bbox 473 1965 513 2025; x_wconf 87' lang='lat'>31</span> <span class='ocrx_word' id='word_1_120' title='bbox 540 1980 619 2045; x_wconf 91' lang='lat' dir='ltr'>seq.:</span> 
     </span>
     <span class='ocr_line' id='line_1_17' title="bbox 337 2068 1238 2152; baseline 0.004 -25"><span class='ocrx_word' id='word_1_121' title='bbox 337 2069 446 2133; x_wconf 74' lang='lat' dir='ltr'>»Adde</span> <span class='ocrx_word' id='word_1_122' title='bbox 470 2069 556 2152; x_wconf 92' lang='lat' dir='ltr'>quod</span> <span class='ocrx_word' id='word_1_123' title='bbox 580 2074 628 2132; x_wconf 89' lang='lat' dir='ltr'>est</span> <span class='ocrx_word' id='word_1_124' title='bbox 650 2069 750 2132; x_wconf 90' lang='lat' dir='ltr'>frater</span> <span class='ocrx_word' id='word_1_125' title='bbox 772 2075 861 2132; x_wconf 90' lang='lat' dir='ltr'>tanto</span> <span class='ocrx_word' id='word_1_126' title='bbox 885 2068 944 2132; x_wconf 92' lang='lat' dir='ltr'>tibi</span> <span class='ocrx_word' id='word_1_127' title='bbox 968 2071 1098 2131; x_wconf 89' lang='lat' dir='ltr'>iunctus</span> <span class='ocrx_word' id='word_1_128' title='bbox 1122 2086 1238 2148; x_wconf 71' lang='lat' dir='ltr'>amore,</span> 
     </span>
     <span class='ocr_line' id='line_1_18' title="bbox 338 2175 1070 2258; baseline -0.005 -19"><span class='ocrx_word' id='word_1_129' title='bbox 338 2175 484 2252; x_wconf 79' lang='lat' dir='ltr'>Quantus</span> <span class='ocrx_word' id='word_1_130' title='bbox 508 2177 542 2238; x_wconf 91' lang='lat' dir='ltr'>in</span> <span class='ocrx_word' id='word_1_131' title='bbox 565 2175 690 2239; x_wconf 84' lang='lat' dir='ltr'>Atridis</span> <span class='ocrx_word' id='word_1_132' title='bbox 712 2175 971 2258; x_wconf 76' lang='lat' dir='ltr'>Tyndaridisque</span> <span class='ocrx_word' id='word_1_133' title='bbox 995 2175 1070 2238; x_wconf 79' lang='lat' dir='ltr'>fuit«</span> 
     </span>
    </p>

    <p class='ocr_par' dir='ltr' id='par_1_3' title="bbox 208 2283 1275 2580">
     <span class='ocr_line' id='line_1_19' title="bbox 208 2283 880 2366; baseline 0 -22"><span class='ocrx_word' id='word_1_134' title='bbox 208 2285 260 2348; x_wconf 79' lang='lat' dir='ltr'>uel</span> <span class='ocrx_word' id='word_1_135' title='bbox 284 2283 427 2348; x_wconf 87' lang='lat' dir='ltr'>eiusdem</span> <span class='ocrx_word' id='word_1_136' title='bbox 452 2283 603 2347; x_wconf 79' lang='lat' dir='ltr'>carminis</span> <span class='ocrx_word' id='word_1_137' title='bbox 627 2302 709 2346; x_wconf 84' lang='lat' dir='ltr'>vers.</span> <span class='ocrx_word' id='word_1_138' title='bbox 734 2285 776 2346; x_wconf 82' lang='lat'>59</span> <span class='ocrx_word' id='word_1_139' title='bbox 801 2301 880 2366; x_wconf 86' lang='lat' dir='ltr'>seq.:</span> 
     </span>
     <span class='ocr_line' id='line_1_20' title="bbox 337 2387 1275 2473; baseline 0.002 -25"><span class='ocrx_word' id='word_1_140' title='bbox 337 2389 506 2472; x_wconf 73' lang='lat' dir='ltr'>»Quaeque</span> <span class='ocrx_word' id='word_1_141' title='bbox 530 2396 584 2453; x_wconf 89' lang='lat' dir='ltr'>tua</span> <span class='ocrx_word' id='word_1_142' title='bbox 610 2396 658 2453; x_wconf 87' lang='lat' dir='ltr'>est</span> <span class='ocrx_word' id='word_1_143' title='bbox 682 2391 792 2473; x_wconf 78' lang='lat' dir='ltr'>pietas,</span> <span class='ocrx_word' id='word_1_144' title='bbox 816 2397 852 2452; x_wconf 93' lang='lat' dir='ltr'>ut</span> <span class='ocrx_word' id='word_1_145' title='bbox 875 2395 906 2452; x_wconf 92' lang='lat' dir='ltr'>te</span> <span class='ocrx_word' id='word_1_146' title='bbox 930 2407 994 2450; x_wconf 92' lang='lat' dir='ltr'>non</span> <span class='ocrx_word' id='word_1_147' title='bbox 1019 2387 1145 2451; x_wconf 85' lang='lat' dir='ltr'>excolat</span> <span class='ocrx_word' id='word_1_148' title='bbox 1168 2389 1275 2469; x_wconf 90' lang='lat' dir='ltr'>ipsum</span> 
     </span>
     <span class='ocr_line' id='line_1_21' title="bbox 338 2493 1106 2580; baseline -0.01 -20"><span class='ocrx_word' id='word_1_149' title='bbox 338 2497 399 2560; x_wconf 90' lang='lat' dir='ltr'>Jus</span> <span class='ocrx_word' id='word_1_150' title='bbox 423 2497 554 2580; x_wconf 87' lang='lat' dir='ltr'>aliquod</span> <span class='ocrx_word' id='word_1_151' title='bbox 579 2503 686 2561; x_wconf 90' lang='lat' dir='ltr'>tecum</span> <span class='ocrx_word' id='word_1_152' title='bbox 709 2497 816 2560; x_wconf 87' lang='lat' dir='ltr'>fratris</span> <span class='ocrx_word' id='word_1_153' title='bbox 840 2497 963 2558; x_wconf 88' lang='lat' dir='ltr'>anricus</span> <span class='ocrx_word' id='word_1_154' title='bbox 987 2493 1106 2558; x_wconf 76' lang='lat' dir='ltr'>habet«</span> 
     </span>
    </p>

    <p class='ocr_par' dir='ltr' id='par_1_4' title="bbox 209 2599 1387 2794">
     <span class='ocr_line' id='line_1_22' title="bbox 299 2599 1387 2684; baseline -0.002 -17"><span class='ocrx_word' id='word_1_155' title='bbox 299 2603 422 2667; x_wconf 84' lang='lat' dir='ltr'>Cottam</span> <span class='ocrx_word' id='word_1_156' title='bbox 453 2611 559 2667; x_wconf 91' lang='lat' dir='ltr'>autem</span> <span class='ocrx_word' id='word_1_157' title='bbox 591 2603 695 2667; x_wconf 89' lang='lat' dir='ltr'>filium</span> <span class='ocrx_word' id='word_1_158' title='bbox 727 2602 886 2684; x_wconf 72' lang='lat' dir='ltr'>habuisse,</span> <span class='ocrx_word' id='word_1_159' title='bbox 918 2620 1014 2684; x_wconf 90' lang='lat' dir='ltr'>quern</span> <span class='ocrx_word' id='word_1_160' title='bbox 1037 2605 1148 2684; x_wconf 85' lang='lat' dir='ltr'>postea</span> <span class='ocrx_word' id='word_1_161' title='bbox 1170 2599 1199 2664; x_wconf 85' lang='lat' dir='ltr'>N</span> <span class='ocrx_word' id='word_1_162' title='bbox 1203 2620 1256 2664; x_wconf 85' lang='lat' dir='ltr'>ero</span> <span class='ocrx_word' id='word_1_163' title='bbox 1279 2621 1387 2665; x_wconf 87' lang='lat' dir='ltr'>annua</span> 
     </span>
     <span class='ocr_line' id='line_1_23' title="bbox 209 2707 1226 2794; baseline -0.003 -21"><span class='ocrx_word' id='word_1_164' title='bbox 209 2711 344 2794; x_wconf 80' lang='lat' dir='ltr'>pecunia</span> <span class='ocrx_word' id='word_1_165' title='bbox 369 2709 560 2792; x_wconf 78' lang='lat' dir='ltr'>sublevaret,</span> <span class='ocrx_word' id='word_1_166' title='bbox 582 2709 711 2774; x_wconf 84' lang='lat' dir='ltr'>Tacitus</span> <span class='ocrx_word' id='word_1_167' title='bbox 735 2711 769 2771; x_wconf 91' lang='lat' dir='ltr'>in</span> <span class='ocrx_word' id='word_1_168' title='bbox 792 2709 878 2772; x_wconf 91' lang='lat' dir='ltr'>Ann.</span> <span class='ocrx_word' id='word_1_169' title='bbox 902 2707 995 2786; x_wconf 72' lang='lat' dir='ltr'>XIII,</span> <span class='ocrx_word' id='word_1_170' title='bbox 1020 2709 1063 2771; x_wconf 87' lang='grc'>34</span> <span class='ocrx_word' id='word_1_171' title='bbox 1086 2708 1226 2772; x_wconf 87' lang='lat' dir='ltr'>tradidit.</span> 
     </span>
    </p>

    <p class='ocr_par' dir='ltr' id='par_1_5' title="bbox 210 2813 1388 3007">
     <span class='ocr_line' id='line_1_24' title="bbox 299 2813 1388 2898; baseline 0 -19"><span class='ocrx_word' id='word_1_172' title='bbox 299 2816 423 2892; x_wconf 80' lang='lat' dir='ltr'>Quibus</span> <span class='ocrx_word' id='word_1_173' title='bbox 453 2817 492 2880; x_wconf 84' lang='lat' dir='ltr'>de</span> <span class='ocrx_word' id='word_1_174' title='bbox 523 2817 629 2880; x_wconf 88' lang='lat' dir='ltr'>causis</span> <span class='ocrx_word' id='word_1_175' title='bbox 653 2817 740 2881; x_wconf 87' lang='lat' dir='ltr'>haud</span> <span class='ocrx_word' id='word_1_176' title='bbox 763 2817 911 2898; x_wconf 90' lang='lat' dir='ltr'>ineptum</span> <span class='ocrx_word' id='word_1_177' title='bbox 937 2813 1030 2876; x_wconf 88' lang='lat' dir='ltr'>nobis</span> <span class='ocrx_word' id='word_1_178' title='bbox 1059 2814 1281 2878; x_wconf 84' lang='lat' dir='ltr'>videturesse</span> <span class='ocrx_word' id='word_1_179' title='bbox 1305 2815 1388 2879; x_wconf 84' lang='lat' dir='ltr'>banc</span> 
     </span>
     <span class='ocr_line' id='line_1_25' title="bbox 210 2920 964 3007; baseline -0.005 -21"><span class='ocrx_word' id='word_1_180' title='bbox 210 2942 338 3007; x_wconf 89' lang='lat' dir='ltr'>quoque</span> <span class='ocrx_word' id='word_1_181' title='bbox 362 2924 496 3007; x_wconf 86' lang='lat' dir='ltr'>elegiam</span> <span class='ocrx_word' id='word_1_182' title='bbox 521 2922 664 2987; x_wconf 85' lang='lat' dir='ltr'>Maximo</span> <span class='ocrx_word' id='word_1_183' title='bbox 689 2923 798 2987; x_wconf 83' lang='lat' dir='ltr'>Cottae</span> <span class='ocrx_word' id='word_1_184' title='bbox 822 2920 964 2984; x_wconf 85' lang='lat' dir='ltr'>inscribi.</span> 
     </span>
    </p>

    <p class='ocr_par' dir='ltr' id='par_1_6' title="bbox 210 3027 1388 3539">
     <span class='ocr_line' id='line_1_26' title="bbox 299 3027 1388 3112; baseline -0.002 -19"><span class='ocrx_word' id='word_1_185' title='bbox 299 3028 392 3105; x_wconf 81' lang='lat' dir='ltr'>Quod</span> <span class='ocrx_word' id='word_1_186' title='bbox 427 3031 511 3094; x_wconf 83' lang='lat' dir='ltr'>eninr</span> <span class='ocrx_word' id='word_1_187' title='bbox 543 3031 607 3095; x_wconf 88' lang='lat' dir='ltr'>duo</span> <span class='ocrx_word' id='word_1_188' title='bbox 640 3033 781 3095; x_wconf 90' lang='lat' dir='ltr'>earmina</span> <span class='ocrx_word' id='word_1_189' title='bbox 815 3030 1018 3112; x_wconf 88' lang='lat' dir='ltr'>insequentia</span> <span class='ocrx_word' id='word_1_190' title='bbox 1053 3029 1093 3090; x_wconf 88' lang='lat' dir='ltr'>ad</span> <span class='ocrx_word' id='word_1_191' title='bbox 1118 3027 1257 3091; x_wconf 90' lang='lat' dir='ltr'>eundem</span> <span class='ocrx_word' id='word_1_192' title='bbox 1281 3030 1388 3091; x_wconf 80' lang='lat' dir='ltr'>rirrnn</span> 
     </span>
     <span class='ocr_line' id='line_1_27' title="bbox 210 3135 1387 3220; baseline -0.004 -20"><span class='ocrx_word' id='word_1_193' title='bbox 210 3139 326 3220; x_wconf 90' lang='lat' dir='ltr'>scripta</span> <span class='ocrx_word' id='word_1_194' title='bbox 352 3156 422 3200; x_wconf 86' lang='lat' dir='ltr'>esse</span> <span class='ocrx_word' id='word_1_195' title='bbox 444 3137 604 3219; x_wconf 74' lang='lat' dir='ltr'>uidentur,</span> <span class='ocrx_word' id='word_1_196' title='bbox 629 3158 693 3201; x_wconf 94' lang='lat' dir='ltr'>non</span> <span class='ocrx_word' id='word_1_197' title='bbox 712 3142 870 3220; x_wconf 85' lang='lat' dir='ltr'>repugnat</span> <span class='ocrx_word' id='word_1_198' title='bbox 893 3141 1021 3199; x_wconf 88' lang='lat' dir='ltr'>nostrae</span> <span class='ocrx_word' id='word_1_199' title='bbox 1040 3135 1226 3214; x_wconf 84' lang='lat' dir='ltr'>sententiae,</span> <span class='ocrx_word' id='word_1_200' title='bbox 1250 3135 1282 3197; x_wconf 94' lang='lat' dir='ltr'>id</span> <span class='ocrx_word' id='word_1_201' title='bbox 1303 3136 1387 3197; x_wconf 84' lang='lat' dir='ltr'>eninr</span> 
     </span>
     <span class='ocr_line' id='line_1_28' title="bbox 210 3239 1387 3328; baseline -0.007 -20"><span class='ocrx_word' id='word_1_202' title='bbox 210 3245 337 3328; x_wconf 90' lang='lat' dir='ltr'>saepius</span> <span class='ocrx_word' id='word_1_203' title='bbox 362 3246 395 3306; x_wconf 91' lang='lat' dir='ltr'>in</span> <span class='ocrx_word' id='word_1_204' title='bbox 420 3243 527 3307; x_wconf 78' lang='lat' dir='ltr'>Ouidii</span> <span class='ocrx_word' id='word_1_205' title='bbox 551 3243 642 3306; x_wconf 91' lang='lat' dir='ltr'>libris</span> <span class='ocrx_word' id='word_1_206' title='bbox 675 3245 840 3307; x_wconf 77' lang='lat' dir='ltr'>invenitur</span> <span class='ocrx_word' id='word_1_207' title='bbox 872 3242 960 3306; x_wconf 87' lang='lat' dir='ltr'>velut</span> <span class='ocrx_word' id='word_1_208' title='bbox 986 3260 1027 3305; x_wconf 86' lang='lat' dir='ltr'>ex</span> <span class='ocrx_word' id='word_1_209' title='bbox 1051 3242 1154 3304; x_wconf 92' lang='lat' dir='ltr'>Ponto</span> <span class='ocrx_word' id='word_1_210' title='bbox 1179 3239 1235 3322; x_wconf 70' lang='lat' dir='ltr'>IV,</span> <span class='ocrx_word' id='word_1_211' title='bbox 1259 3244 1280 3304; x_wconf 88' lang='grc'>4</span> <span class='ocrx_word' id='word_1_212' title='bbox 1304 3248 1335 3305; x_wconf 92' lang='lat' dir='ltr'>et</span> <span class='ocrx_word' id='word_1_213' title='bbox 1359 3243 1387 3302; x_wconf 76' lang='grc' dir='ltr'>ι’).</span> 
     </span>
     <span class='ocr_line' id='line_1_29' title="bbox 210 3347 1386 3432; baseline -0.006 -18"><span class='ocrx_word' id='word_1_214' title='bbox 210 3351 340 3415; x_wconf 82' lang='lat' dir='ltr'>Praeter</span> <span class='ocrx_word' id='word_1_215' title='bbox 370 3350 442 3413; x_wconf 88' lang='lat' dir='ltr'>illas</span> <span class='ocrx_word' id='word_1_216' title='bbox 473 3358 596 3432; x_wconf 75' lang='lat' dir='ltr'>autem,</span> <span class='ocrx_word' id='word_1_217' title='bbox 622 3351 661 3412; x_wconf 83' lang='lat' dir='ltr'>de</span> <span class='ocrx_word' id='word_1_218' title='bbox 692 3348 810 3431; x_wconf 82' lang='lat' dir='ltr'>quibus</span> <span class='ocrx_word' id='word_1_219' title='bbox 835 3348 987 3429; x_wconf 80' lang='lat' dir='ltr'>diximus,</span> <span class='ocrx_word' id='word_1_220' title='bbox 1014 3347 1167 3411; x_wconf 79' lang='lat' dir='ltr'>Tristium</span> <span class='ocrx_word' id='word_1_221' title='bbox 1191 3349 1308 3431; x_wconf 81' lang='lat' dir='ltr'>elegias</span> <span class='ocrx_word' id='word_1_222' title='bbox 1331 3349 1386 3408; x_wconf 80' lang='lat' dir='ltr'>vix</span> 
     </span>
     <span class='ocr_line' id='line_1_30' title="bbox 210 3437 1013 3539; baseline -0.006 -18"><span class='ocrx_word' id='word_1_223' title='bbox 210 3459 275 3522; x_wconf 92' lang='lat' dir='ltr'>ulla</span> <span class='ocrx_word' id='word_1_224' title='bbox 301 3458 363 3521; x_wconf 90' lang='lat' dir='ltr'>alia</span> <span class='ocrx_word' id='word_1_225' title='bbox 387 3458 462 3520; x_wconf 79' lang='lat' dir='ltr'>huie</span> <span class='ocrx_word' id='word_1_226' title='bbox 487 3458 589 3519; x_wconf 84' lang='lat' dir='ltr'>amico</span> <span class='ocrx_word' id='word_1_227' title='bbox 614 3437 822 3539; x_wconf 88' lang='lat' dir='ltr'>probabiliter</span> <span class='ocrx_word' id='word_1_228' title='bbox 844 3454 1013 3526; x_wconf 77' lang='lat' dir='ltr'>tribuatur,</span> 
     </span>
    </p>

    <p class='ocr_par' dir='ltr' id='par_1_7' title="bbox 209 3561 1389 3752">
     <span class='ocr_line' id='line_1_31' title="bbox 298 3561 1389 3646; baseline -0.002 -20"><span class='ocrx_word' id='word_1_229' title='bbox 298 3562 509 3628; x_wconf 84' lang='lat' dir='ltr'>Transeamus</span> <span class='ocrx_word' id='word_1_230' title='bbox 533 3565 640 3646; x_wconf 71' lang='lat' dir='ltr'>igitur,</span> <span class='ocrx_word' id='word_1_231' title='bbox 665 3568 700 3625; x_wconf 90' lang='lat' dir='ltr'>ut</span> <span class='ocrx_word' id='word_1_232' title='bbox 724 3568 791 3626; x_wconf 88' lang='lat' dir='ltr'>erat</span> <span class='ocrx_word' id='word_1_233' title='bbox 814 3562 1022 3644; x_wconf 75' lang='lat' dir='ltr'>propositum,</span> <span class='ocrx_word' id='word_1_234' title='bbox 1046 3562 1087 3625; x_wconf 88' lang='lat' dir='ltr'>ad</span> <span class='ocrx_word' id='word_1_235' title='bbox 1111 3563 1248 3627; x_wconf 89' lang='lat' dir='ltr'>alterum</span> <span class='ocrx_word' id='word_1_236' title='bbox 1273 3561 1389 3624; x_wconf 83' lang='lat' dir='ltr'>Ovidio</span> 
     </span>
     <span class='ocr_line' id='line_1_32' title="bbox 209 3669 689 3752; baseline -0.008 -18"><span class='ocrx_word' id='word_1_237' title='bbox 209 3673 371 3752; x_wconf 88' lang='lat' dir='ltr'>intimum,</span> <span class='ocrx_word' id='word_1_238' title='bbox 394 3671 467 3736; x_wconf 83' lang='lat' dir='ltr'>Sex.</span> <span class='ocrx_word' id='word_1_239' title='bbox 491 3669 689 3752; x_wconf 75' lang='lat' dir='ltr'>Pompeiana.</span> 
     </span>
    </p>
   </div>
   <div class='ocr_carea' id='block_1_3' title="bbox 0 0 1635 4960">
    <p class='ocr_par' dir='ltr' id='par_1_8' title="bbox 0 0 1635 4960">
     <span class='ocr_line' id='line_1_33' title="bbox 0 0 1635 4960; baseline 0 0"><span class='ocrx_word' id='word_1_240' title='bbox 0 0 1635 4960; x_wconf 95' lang='lat' dir='ltr'> </span> 
     </span>
    </p>
   </div>
  </div>
 </body>
</html>
