3252 4960
696 333 893 392 -4.-

208 507 374 582 consulem
411 508 489 569 anni
513 527 541 588 p.
566 505 637 568 Chr.
662 507 732 588 201)
755 512 905 590 nepotem
928 506 1085 572 Messalae
1119 509 1249 572 CorvIni
1281 510 1385 573 fuIsse

206 615 418 696 suspicentur.
465 612 557 688 Quod
588 613 741 677 videntur
764 614 963 678 conclusisse
993 634 1034 679 ex
1056 614 1152 679 Tacit.
1176 617 1262 679 Aun.
1286 615 1385 698 ΧΙΠ,

187 723 258 802 ..lh
281 721 336 783 ubi
362 728 393 785 et
416 720 458 782 M.
477 719 645 783 Valeritun
664 719 876 785 Messalinum
895 720 1063 787 consulem
1087 723 1165 786 anni
1188 743 1217 806 p.
1242 721 1313 785 Chr.
1338 726 1384 786 58-

204 833 412 911 pronepotem
436 826 593 890 Messalae
617 826 747 890 Corvini
770 827 871 892 fuisse
895 829 1033 893 traditur
1056 835 1087 893 et
1110 829 1266 894 Aurelius
1290 829 1380 894 Cotta

206 933 338 1016 quidam
362 941 638 998 commemoratur.
684 933 783 997 Hunc
813 941 922 998 tamen
953 937 1061 1018 ipsum
1093 956 1222 1019 quoque
1246 939 1385 1000 oratoris

205 1041 294 1105 illius
324 1047 530 1125 pronepotem
563 1040 663 1104 fuisse
695 1061 735 1104 ex
759 1040 815 1103 illo
839 1041 909 1105 loco
934 1042 1085 1126 oolhgere
1109 1063 1175 1106 non
1198 1063 1384 1126 possumus,

205 1169 280 1212 uam
317 1168 375 1231 per
419 1147 536 1210 luxum
575 1148 703 1211 avitas
740 1167 816 1232 opes
855 1149 1027 1232 dissipasse
1065 1150 1191 1214 dicitur.
1255 1149 1379 1214 Cottam

204 1263 311 1320 autem
340 1254 551 1318 Messalinum
580 1253 684 1318 filium
712 1254 869 1319 Messalae
907 1254 1038 1319 Corvini
1075 1257 1178 1321 multo
1219 1259 1379 1323 minorem

203 1369 282 1427 natu
316 1382 413 1445 quam
445 1361 487 1424 M.
512 1361 679 1425 Valerium
707 1361 918 1426 Messalinum
949 1364 1116 1428 consulem
1146 1365 1222 1427 anni
1251 1385 1277 1426 a.
1307 1362 1382 1426 Chr.

203 1473 223 1532 3
253 1469 354 1532 fuisse
383 1475 514 1532 constat.
565 1468 615 1530 Ex
645 1469 783 1551 epistula
813 1469 900 1532 enim
935 1489 976 1532 ex
1003 1469 1106 1535 Ponto
1134 1471 1181 1552 ΙΙ,
1214 1475 1247 1551 3,
1280 1491 1377 1554 quam

204 1576 313 1640 Cottae
328 1575 471 1638 Maximo
490 1575 730 1639 inscribendam
751 1595 820 1639 esse
843 1577 953 1658 paullo
972 1577 1057 1641 infra
1076 1578 1383 1658 demonstrabimus

202 1697 299 1747 versu
338 1684 378 1748 70
407 1702 493 1766 seqq.
527 1680 680 1746 Ovidium
717 1684 832 1766 rigmti
864 1682 932 1747 fere
973 1685 1085 1747 aetatis
1118 1685 1213 1747 annis
1253 1684 1377 1748 Cottam

203 1809 371 1874 superasse
402 1790 630 1873 intellegimus
687 1788 776 1865 Quae
811 1809 886 1852 cum
919 1791 964 1854 ita
996 1791 1070 1871 sint,
1103 1791 1130 1853 si
1158 1791 1246 1854 hunc
1268 1793 1376 1858 virum

202 1900 287 1961 circa
314 1917 437 1961 annum
462 1918 487 1959 a.
518 1895 589 1959 Chr.
613 1897 654 1960 23
680 1903 793 1959 natum
825 1915 894 1959 esse
928 1897 1116 1979 conicimus,
1140 1917 1214 1960 eum
1238 1917 1323 1961 anno
1347 1919 1377 1980 p.

202 2004 273 2068 Chr.
287 2005 486 2068 tricesimum
504 2010 632 2067 sextum
653 2009 684 2066 et
702 2023 728 2066 a.
740 2004 783 2066 20
804 2004 1087 2087 quadragesimum
1106 2023 1229 2067 annum
1240 2041 1281 2049 —
1293 2013 1382 2068 aeta·

201 2119 268 2174 tem
288 2110 474 2175 consulatus
504 2109 681 2193 accipiendi
700 2110 771 2193 lege
791 2111 997 2204 constitutam
1023 2147 1063 2157 -
1089 2112 1193 2194 egisse
1212 2112 1379 2196 apparet2).

289 2217 339 2281 De
357 2219 531 2301 posteriore
556 2223 663 2280 autem
686 2218 771 2280 vitae
790 2218 861 2280 eius
880 2223 969 2300 parte
989 2219 1204 2300 comperimus
1224 2239 1242 2282 a
1259 2218 1382 2301 Tacita.

201 2347 275 2390 curn
299 2327 443 2389 maxima
466 2325 500 2386 in
524 2325 626 2409 gratia.
648 2322 767 2387 Tiberii
792 2322 937 2387 Caesaris
960 2323 1061 2388 fuisse
1086 2330 1117 2388 et
1141 2345 1225 2388 anno
1249 2346 1278 2408 p.
1303 2324 1375 2388 Chr.

201 2436 243 2498 3‘2
268 2437 454 2497 accusatum
479 2431 517 2495 ab
542 2432 602 2495 hoe
625 2432 817 2512 imperatore
841 2449 899 2513 per
922 2431 1090 2514 epistolam
1111 2431 1287 2495 defensum
1305 2451 1375 2496 esse

200 2541 348 2624 »repetito
377 2541 462 2602 inter
492 2558 526 2602 se
555 2545 651 2621 atque
676 2537 800 2601 Cottam
824 2538 983 2600 amicitiae
1007 2539 1165 2622 principio
1190 2539 1376 2623 crebrisque

201 2649 271 2710 eius
295 2647 410 2710 officiis
434 2644 740 2728 conrnremoratisep

290 2753 396 2817 Mores
420 2752 517 2815 huius
540 2752 602 2814 vlri
633 2753 661 2814 si
683 2752 886 2837 respicimus,
909 2759 946 2815 ut
969 2753 1004 2814 in
1027 2752 1141 2834 Pauly.
1166 2752 1331 2836 encyclop.
1354 2752 1375 2814 l.

199 2862 219 2924 Ι.
244 2862 280 2924 lit
303 2879 410 2943 neque
434 2879 475 2922 ex
499 2859 554 2922 illo
575 2859 677 2921 Persii
701 2857 822 2921 scholio
835 2878 944 2966 qsupra
969 2859 1099 2922 laudato
1119 2877 1225 2941 neque
1244 2879 1285 2921 ex
1304 2858 1379 2922 loeo

273 3056 293 3125 1)
312 3055 395 3109 Tacit.
415 3054 465 3110 ΙΙΙ,
479 3057 503 3107 2.
525 3057 565 3107 17.
602 3052 713 3106 Henzen
731 3051 857 3120 Inscript.
878 3057 947 3107 7419
967 3053 1010 3123 (Ιβ.
1030 3053 1125 3108 bullat.
1139 3053 1211 3107 arch.
1233 3057 1301 3106 1869
1313 3069 1376 3122 pag.

202 3149 259 3200 122.
299 3144 326 3198 C.
345 3143 370 3198 J.
389 3143 419 3198 L.
438 3143 459 3196 I.
479 3160 540 3212 pag.
560 3147 620 3198 475.
656 3141 708 3196 Dio
726 3141 781 3195 ind.
800 3141 848 3195 lib.
867 3141 950 3195 LVII.

271 3234 292 3302 Ι)
310 3233 449 3287 Habemus
469 3232 554 3301 igitur
571 3231 642 3286 hanc
661 3230 860 3300 genealogiam:

548 3357 585 3410 M.
604 3355 732 3410 Valerius
749 3354 869 3408 Messala
886 3353 1019 3409 Coruinus

467 3420 1105 3480 e——ffln———q

304 3501 342 3556 M.
362 3501 487 3555 Valerius
505 3499 671 3554 Messalinus
787 3497 824 3551 M.
833 3497 961 3552 Aurelius
969 3498 1049 3553 Cotta
1060 3497 1198 3554 Maximus
1207 3498 1379 3554 Messalinus

199 3605 244 3634 eos.
264 3597 277 3634 a
295 3601 316 3633 a.
336 3589 386 3632 Chr.
406 3588 457 3638 [llio
471 3589 517 3631 iud.
532 3588 581 3631 LV.
605 3587 664 3630 Mon.
688 3587 772 3640 Arneyr.
993 3586 1180 3642 manopera.

198 3663 237 3716 ΙΙΙ,
257 3667 283 3706 29
301 3680 327 3717 3
346 3661 369 3704 C.
393 3661 414 3706 I.
438 3660 464 3703 1..
489 3659 534 3702 vol.
558 3659 598 3713 ΙΙΙ,
614 3665 634 3702 2.
654 3671 704 3713 pag.
724 3664 771 3709 792,

425 3732 472 3775 re.
488 3732 517 3785 u,
533 3733 561 3785 a).

308 3894 346 3949 M.
365 3893 493 3948 Valerius
511 3892 676 3947 Messalinus
941 3891 978 3945 M.
998 3891 1126 3946 Aurelius
1145 3890 1223 3946 Cotta

198 3997 243 4026 ros.
259 3990 285 4027 20
299 3997 320 4038 p.
336 3982 385 4025 Chr.
402 3982 463 4033 (Tac.
478 3981 518 4034 111,
534 3987 553 4024 2.
569 3983 593 4023 t'.
608 3981 629 4022 J.
644 3980 670 4022 1..
686 3981 704 4034 Ι,
719 3983 775 4032 lto).
970 3979 1049 4022 ‹TacIt
1064 3979 1126 4033 xm,
1142 3982 1186 4032 34.)

256 4145 294 4200 M.
313 4143 440 4198 Valerius
458 4142 578 4197 Messala
596 4141 727 4197 Corvinus

197 4247 241 4276 cos.
259 4239 283 4277 58
298 4232 377 4283 (rasit.
392 4232 454 4286 XIII,
470 4237 494 4275 at
509 4232 567 4273 Aeta
581 4231 641 4273 fratr.
656 4229 730 4272 Arval.
747 4230 769 4271 iu

303 4305 327 4346 C.
342 4305 362 4346 J.
378 4303 404 4346 L.
419 4303 460 4358 Vl,
475 4309 528 4348 2039
543 4313 589 4355 seq.
605 4305 673 4354 2034).

268 4377 289 4442 ²¹)
307 4379 377 4430 Anu.
397 4375 445 4442 Vl,
466 4381 489 4428 b.
