3252 4960
642 219 866 314 „170¹
919 253 923 260 ·

168 439 266 520 spirat
293 453 443 517 magnam
476 433 624 515 gratiam,
656 451 751 514 quam
784 450 945 512 nusquam
972 431 1034 492 nisi
1066 433 1100 493 in
1132 431 1277 514 epistulis
1298 429 1343 490 ‘ad

167 544 358 626 Pompeimn
376 546 442 604 tam
460 540 615 622 impensis
633 536 784 601 laudibus
804 539 998 601 cumulatam
1017 537 1184 621 profitetur
1198 534 1342 598 Ovidius.

172 651 235 713 Vir
267 651 354 712 enim
380 647 512 710 retineri
540 651 652 728 potest,
683 647 762 727 quin
786 647 899 708 merita
921 647 1016 709 amici
1039 646 1097 708 toti
1120 643 1194 707 urbi
1218 644 1345 706 nuntiet

171 768 201 820 et
230 775 348 820 nomen
377 756 446 818 eius
478 755 514 815 in
545 750 741 815 carminibus
765 753 832 815 suis
855 752 1003 836 proferat,
1025 759 1062 815 ut
1086 757 1117 814 et
1140 751 1290 833 aequales
1314 754 1346 812 et

171 865 291 948 posteri
314 863 424 924 mitem
443 861 537 924 enrici
564 860 708 922 animum
728 860 926 942 etpietatem
944 879 1095 943 magnam
1116 855 1345 942 cognoscantl).

173 970 299 1045 Quanto
334 974 441 1032 autem
468 967 599 1030 affectus
629 972 676 1029 est
705 967 823 1049 gaudio
854 947 948 1049 poet‘a
970 974 1086 1046 noster,
1119 984 1194 1028 cum
1216 963 1347 1027 tandem

174 1079 304 1140 nomina
335 1074 467 1157 Pompei
499 1076 534 1136 in
567 1073 704 1156 epistula
744 1075 847 1156 prima
879 1074 919 1136 ad
951 1074 1043 1150 illum
1079 1073 1197 1154 scripta
1228 1089 1348 1154 ponere

121 1172 124 1178 ’
174 1183 287 1246 liceat!
335 1180 525 1264 Saepissime
556 1199 590 1243 se
617 1178 679 1242 sibi
701 1181 808 1242 visum
832 1199 900 1244 esse
924 1181 1059 1264 impium
1088 1180 1237 1261 declarat,
1261 1180 1347 1262 quod

176 1289 320 1351 nondinn
342 1288 375 1350 id
398 1287 511 1350 fecerit
533 1286 764 1370 profiteturque
787 1307 816 1349 v,
844 1290 881 1349 11
908 1307 992 1370 seq:
1065 1304 1069 1312 ·

334 1393 375 1456 »O
402 1395 551 1476 quotiens
576 1393 630 1456 alii
655 1413 729 1456 cum
751 1394 867 1457 vellem
891 1393 1039 1476 scribere,
1062 1413 1179 1458 nomen

334 1501 470 1564 Rettulit
492 1501 529 1563 in
552 1519 641 1564 ceras
664 1502 767 1564 inscia
791 1501 905 1564 dextra
927 1506 1041 1564 utum«.

175 1609 289 1693 Neque
322 1627 467 1690 unquam
500 1627 534 1670 se
568 1609 663 1670 amici
696 1606 871 1670 obliturum
904 1627 981 1690 esse,
1015 1610 1071 1674 sed
1113 1627 1238 1693 semper
1277 1609 1353 1670 viva

175 1717 331 1780 memoria
363 1717 575 1799 repetiturum
606 1715 695 1789 illins
723 1733 857 1778 munera
887 1735 1062 1799 omnesque
1085 1717 1253 1779 auditums
1277 1713 1353 1777 Ovi-

178 1825 269 1886 dium
295 1841 364 1886 esse
382 1820 517 1903 Pompei
536 1822 767 1884 amicissimum
795 1822 854 1904 (ep.
875 1841 917 1885 ex
935 1821 1026 1885 Pont.
1045 1822 1103 1903 IV,
1129 1826 1178 1904 15,
1203 1824 1244 1886 37
1265 1839 1352 1902 seqq.

177 1929 235 2008 lV,
259 1931 288 2007 5,
313 1929 354 1990 39
380 1925 488 2009 seqq).
526 1926 567 1991 Et
587 1947 726 2010 quonam
745 1927 928 1992 madefieri
947 1931 1060 2012 potuit,
1085 1931 1164 2013 quin
1183 1931 1211 1992 is
1231 1929 1354 1992 amicus

181 2035 316 2096 smmnis
340 2039 506 2096 ornaretur
528 2034 689 2116 laudibus
713 2037 805 2098 cuius
824 2037 926 2118 gratia
944 2054 1009 2099 non
1033 2037 1137 2099 solum
1156 2041 1250 2099 antea
1272 2054 1355 2097 nun-

183 2159 280 2221 quam
312 2139 402 2222 pigra
424 2139 547 2222 fuisset,
580 2143 673 2204 cuius
706 2162 779 2205 arca
811 2161 979 2225 nunquam
1019 2141 1135 2206 Ouidio
1172 2141 1356 2205 »munificas

181 2265 257 2328 opes
296 2253 462 2329 negasset«
484 2249 558 2332 ¹(en
598 2248 702 2312 Ponto
743 2248 800 2330 IV,
844 2253 860 2311 1
903 2271 932 2312 r.
974 2251 1016 2313 23
1059 2241 1155 2334 seq),
1201 2248 1257 2313 sed
1300 2248 1357 2331 qui

182 2354 278 2415 etiam
302 2354 342 2416 de
365 2355 467 2417 amico
490 2356 630 2439 relegato
654 2362 719 2418 tam
742 2356 824 2420 bene
847 2363 1030 2439 mereretur,
1060 2363 1097 2420 111
1126 2357 1166 2420 de
1190 2375 1226 2420 ec
1250 2359 1357 2439 posset

182 2459 245 2521 dici
270 2461 359 2542 epist.
384 2460 451 2523 lv.
477 2463 519 2524 25
543 2481 625 2544 seq:

332 2565 443 2630 »Nunc
467 2587 596 2652 quoque
620 2569 667 2631 nil
690 2568 804 2633 subitis
829 2572 997 2634 clementia
1019 2571 1129 2634 territa
1151 2569 1225 2632 fatis

335 2675 507 2737 Auxilium
531 2676 616 2738 vitae
639 2675 765 2758 fertque
788 2676 932 2760 feretque
955 2695 1059 2740 meae«

183 2781 236 2841 vel
259 2780 366 2862 paullo
390 2780 474 2844 infra
497 2802 525 2842 r.
550 2783 592 2850 35
617 2801 699 2864 seq:

344 2879 412 2949 'asic
435 2906 494 2971 ego
518 2907 591 2950 sum
614 2907 722 2951 rerum
744 2909 809 2952 non
832 2890 953 2970 ultima,
977 2889 1082 2972 Sexte,
1105 2896 1234 2952 tuarum

346 2991 540 3078 tutelaeque
564 2995 650 3058 feror
671 3015 790 3058 munus
815 3015 959 3078 opusque
982 3000 1080 3060 tuae«

277 3099 361 3161 Aliis
392 3101 521 3180 quidem
550 3103 662 3164 amicis
693 3104 811 3184 gratim
835 3104 909 3186 agit,
938 3103 1023 3184 quod
1037 3108 1133 3184 111111,
1166 3122 1241 3166 eum
1263 3102 1361 3166 rebus

189 3207 332 3269 adversis
362 3203 549 3289 profligatus
580 3217 676 3292 esset,
715 3212 861 3292 quamvis
890 3210 986 3294 pauci
1016 3228 1050 3272 se
1073 3229 1139 3272 non
1164 3211 1364 3274 deseruerint

189 3320 220 3376 ct
259 3312 496 3376 misericordiae
544 3315 726 3400 dolorisque
776 3317 863 3400 pleni
905 3317 1117 3380 calamitatem
1157 3319 1251 3380 amici
1291 3337 1362 3401 gra-

102 3443 105 3450 *
191 3422 320 3502 vissime
343 3421 493 3503 tulerint,
526 3422 579 3486 hic
609 3429 716 3488 autem
748 3443 813 3486 non
849 3423 956 3487 verbis
984 3430 1110 3487 tantum
1140 3443 1174 3488 se
1196 3426 1363 3508 praestitit,

190 3528 248 3592 sed
270 3530 366 3591 etiam
390 3547 424 3592 re
446 3529 577 3594 fidelem
598 3531 755 3613 piumque
778 3530 928 3592 sodalem.

279 3635 424 3698 Eandem
443 3640 551 3699 autem
568 3636 720 3719 pietatem
741 3637 980 3719 maximamque
999 3636 1107 3702 Ovidii
1131 3659 1207 3724 erga
1226 3641 1367 3703 amicum

190 3744 326 3826 gratiam
347 3741 499 3805 lbistium
519 3760 648 3823 quoque
668 3743 795 3825 elegia
813 3741 839 3823 1,
859 3745 878 3804 b
898 3744 1033 3828 spirat²)‚
1053 3766 1150 3829 quam
1169 3748 1367 3812 simillimam

192 3869 263 3912 esse
279 3867 357 3910 sono
373 3853 405 3910 et
417 3847 526 3912 indole
541 3848 598 3928 1111,
612 3848 650 3910 de
667 3869 730 3931 qua
744 3847 838 3912 modo
854 3849 1097 3935 disputavimus,
1113 3855 1178 3917 iam
1187 3853 1365 3938 Loersiusss)

267 4113 384 4181 1)111”11.
404 4113 438 4182 V,
458 4117 482 4180 9,
505 4117 597 4168 1-10.

265 4203 286 4272 1)
306 4205 338 4258 cf.
376 4203 460 4258 Koch.
480 4220 550 4273 pag.,
570 4207 603 4257 27
624 4205 712 4258 adnot.

266 4294 286 4359 ³)
305 4294 335 4346 in
353 4293 418 4346 edit.
438 4293 567 4347 Tristium
585 4309 645 4363 pag.
667 4299 726 4347 496.
