3252 4960
718 251 935 308 ...11-

397 426 438 487 »0
464 425 520 506 qui
543 423 729 488 nominibus
754 444 827 488 eum
852 425 896 488 sis
919 443 1094 507 generosus
1118 444 1260 506 avorum,

398 530 583 616 llxsuperas
606 550 732 594 morum
756 530 923 596 nobilitate
946 549 1062 614 genus«

238 641 355 722 optime
385 637 521 720 quadrat
550 637 590 700 ad
615 657 698 719 eam,
731 658 795 720 qua
824 637 948 702 Cottam
978 643 1126 700 ornatum
1156 638 1257 704 fuisse
1287 639 1414 721 saepius

236 747 268 807 in
295 745 441 828 epistulis
471 745 511 807 ad
543 764 616 807 eum
641 745 767 827 scriptis
790 745 855 828 legi
885 746 951 810 iam
974 765 1071 828 supra
1093 745 1244 828 vidimus
1269 763 1415 828 quaeque

237 872 397 934 nusquam
421 851 460 914 ab
487 849 602 914 Ovidio
626 858 692 916 tam
716 852 820 935 ample
845 857 876 916 et
895 833 1002 935 aperte
1025 852 1060 914 in
1078 851 1252 916 Messalino
1276 851 1416 916 eelebre-

237 964 297 1020 tur.
346 957 435 1032 Quae
465 978 659 1040 quamquam
693 959 758 1022 iam
790 959 867 1022 satis
890 959 1043 1022 ridentur
1072 959 1290 1022 demonstrare
1312 959 1415 1022 multo

237 1067 343 1147 aptius
371 1066 404 1126 in
428 1071 538 1128 nostra
570 1066 673 1148 elegia
706 1065 746 1130 de
780 1064 871 1128 Cotta
904 1067 1046 1149 eogitari,
1076 1085 1117 1128 ne
1149 1065 1322 1130 Messalino
1355 1066 1415 1129 hoo

237 1192 364 1234 rarmeu
389 1171 612 1253 inscribamus
635 1172 786 1254 impediri
805 1172 955 1236 ridemur
973 1174 1077 1255 prima
1096 1173 1232 1257 epistula
1251 1191 1292 1236 ex
1311 1171 1415 1236 Ponto

238 1279 278 1340 ad
310 1279 396 1341 hune
423 1279 522 1342 missa
556 1278 593 1358 (Ι,
625 1279 666 1360 7).
719 1279 759 1342 lu
790 1279 850 1344 liae
881 1279 967 1342 enim
995 1285 1089 1362 poeta
1121 1279 1357 1362 quodammodo
1381 1298 1416 1342 se

238 1392 379 1466 excusat,
403 1385 489 1467 quod
514 1385 554 1450 ad
572 1383 784 1464 Messalinum
806 1405 936 1450 earmeu
960 1387 1084 1450 miserit
1107 1388 1311 1470 exponitque,
1336 1405 1415 1468 quas

238 1492 277 1554 ob
301 1512 415 1556 eausa-s
438 1491 527 1554 illius
552 1511 681 1574 quoque
704 1493 802 1556 fidem
825 1494 997 1577 implorare
1020 1494 1145 1558 airdeat.
1190 1492 1304 1575 Itaque
1326 1492 1415 1556 illam

237 1600 366 1662 omniuo
385 1599 522 1681 primam
542 1599 722 1682 epistulam,
746 1607 782 1662 ut
805 1601 849 1664 ita
868 1600 982 1682 dicam,
999 1601 1162 1684 publicam
1181 1600 1221 1663 ad
1246 1619 1320 1664 eum
1340 1600 1416 1662 sori·

238 1712 325 1788 ptam
345 1723 415 1768 esse
434 1707 532 1770 totius
552 1707 704 1770 carminis
723 1726 822 1772 sonus
842 1713 873 1772 et
891 1709 1049 1780 sententia
1068 1708 1211 1772 indicare
1228 1704 1415 1789 videnturl).

326 1812 391 1874 Vix
425 1813 525 1896 igitur
556 1819 661 1896 potest
694 1813 851 1890 dubitari,
885 1815 963 1896 quin
996 1814 1087 1878 Trist.
1121 1816 1199 1898 eleg.
1231 1813 1289 1894 IV,
1321 1816 1342 1878 4
1375 1813 1415 1876 ad

237 1918 361 1984 Cottam
384 1919 595 1982 Messalinum
618 1922 717 1983 missa
741 1921 790 1983 sit.
822 1920 919 1984 Nune
942 1922 1110 1986 videamus
1134 1941 1213 1986 num
1240 1922 1303 1986 alia
1326 1939 1416 2003 prae·

237 2032 323 2089 terea
333 2025 635 2090 eaunina'llistium
651 2027 691 2090 ad
701 2027 789 2090 huno
800 2028 940 2092 amioum
957 2030 1075 2112 scripta
1090 2049 1159 2092 esse
1175 2027 1349 2092 verisimile
1366 2028 1415 2090 sit.

327 2133 609 2198 Persarutantibus
625 2133 719 2197 nobis
737 2135 809 2198 illas
829 2135 947 2220 elegias
967 2155 1032 2200 una
1051 2136 1198 2217 occurrit,
1218 2155 1315 2218 quani
1334 2135 1416 2197 nulli

239 2241 345 2322 potius
370 2260 466 2322 quam
491 2239 601 2304 Cottae
625 2240 814 2323 tribuamus
839 2242 975 2326 elegia
999 2245 1018 2304 5
1044 2242 1188 2308 eiusdem
1212 2242 1294 2306 libri.

327 2345 422 2422 Quod
446 2348 532 2411 eninr
555 2347 700 2412 Koohius
723 2350 743 2410 l.
767 2349 787 2412 1.
811 2370 881 2434 pag.
917 2352 959 2412 27
984 2350 1044 2412 hoo
1072 2369 1201 2414 carmen
1224 2348 1298 2412 Sex.
1321 2346 1416 2411 Pom·

239 2455 576 2538 poir.›insrribe11dunr
601 2462 710 2520 censet
738 2493 775 2502 ——
802 2457 834 2520 id
859 2462 966 2521 autem
990 2477 1031 2520 er
1054 2475 1136 2520 vers.
1162 2460 1179 2519 7
1204 2473 1285 2538 seq:

397 2561 511 2625 »Citius
536 2582 623 2626 eram
647 2583 746 2626 eeasu
770 2583 836 2626 nou
859 2583 912 2629 me
936 2583 1089 2628 sensurus
1113 2570 1271 2647 egentem,

397 2669 431 2732 Si
456 2669 571 2732 Caesar
593 2672 712 2752 patrias
736 2672 905 2753 eripuisset
930 2689 1019 2754 opes«

239 2777 401 2840 concludit
432 2812 473 2822 -
502 2777 636 2842 minime
667 2777 847 2860 prebemus.
897 2777 982 2842 Nam
1010 2779 1089 2842 haee
1122 2777 1280 2840 sententia
1302 2775 1354 2838 vel
1378 2793 1415 2838 eo

239 2881 411 2961 refutatur,
453 2882 539 2964 quod
574 2902 656 2946 vers.
692 2887 732 2948 31
766 2904 830 2970 seq.
863 2891 991 2949 nostrae
1032 2885 1152 2967 elegiae
1184 2883 1288 2946 filium
1321 2883 1417 2946 araci

239 2993 332 3068 poeta
346 2995 580 3070 commemorat,
599 2991 685 3072 quod
699 2992 740 3054 ad
758 2991 832 3056 Sex.
848 2991 1038 3076 Pompeium
1055 3011 1119 3053 nou
1132 2989 1289 3073 quadrare
1307 2989 1416 3073 paullo

238 3093 323 3156 infra
342 3096 423 3178 (pag.
439 3094 810 3182 lili-demonstrabimus.
862 3099 965 3162 Immo
984 3099 1055 3161 iure
1078 3098 1139 3160 hoo
1157 3115 1286 3160 carmen
1307 3093 1416 3160 Cottae

238 3200 427 3266 tribuemus.
481 3201 534 3266 llli
567 3205 653 3268 enim
685 3223 808 3286 remus
842 3205 960 3288 quibus
984 3204 1128 3268 Koohius
1161 3203 1201 3267 ad
1225 3203 1416 3271 firmandam

238 3329 329 3372 suam
354 3311 545 3374 sententiam
573 3331 653 3374 usus
684 3319 741 3393 est
769 3313 889 3396 optime
916 3313 1113 3378 conveniunt
1137 3329 1210 3374 oum
1234 3311 1330 3372 huius
1353 3309 1416 3371 viri

239 3416 428 3480 liberalitate
469 3422 500 3480 et
541 3417 776 3501 munificentia,
818 3439 915 3502 quam
948 3421 1076 3503 saepius
1094 3418 1233 3482 ¹laudari
1265 3416 1415 3480 vidimus.

237 3523 311 3586 Hue
343 3523 476 3605 aceedit,
508 3523 595 3606 quod
618 3545 771 3590 versurum
803 3529 888 3590 1-8
912 3528 1103 3590 senteutiam
1127 3526 1266 3589 amioum
1290 3541 1416 3606 semper

240 3627 355 3692 Ovidio
380 3628 493 3693 tulisse
517 3633 678 3697 auxilium
701 3635 859 3718 imprimis
883 3635 916 3696 in
941 3634 1031 3716 epist.
1056 3652 1097 3696 ex
1120 3631 1223 3696 Ponto
1246 3629 1305 3711 111,
1329 3631 1349 3692 2
1373 3630 1414 3694 ad

238 3737 360 3800 Cottam
384 3735 482 3798 missa
506 3740 685 3820 expositam
709 3759 779 3804 esse
802 3742 986 3804 invenimus
1009 3741 1098 3802 velut
1120 3760 1150 3800 v.
1174 3741 1193 3801 3
1219 3756 1299 3820 seq:

364 3841 528 3925 »Namque
551 3847 631 3909 meis
656 3866 764 3930 sospes
788 3850 926 3912 multrun
951 3847 1147 3910 eruciatibus
1171 3843 1285 3923 aufers,

367 3953 476 4031 thue
500 3951 541 4015 sit
563 3954 597 4014 iu
622 3953 714 4016 uobis
737 3961 811 4038 pals
834 3954 918 4018 bona
943 3955 1029 4017 salva
1054 3953 1147 4015 facis«

238 4062 287 4124 vel
311 4083 392 4127 vers.
417 4057 459 4120 25
484 4077 565 4141 seq:

309 4304 329 4366 ¹)
349 4303 381 4356 el.
402 4300 517 4368 exempli
538 4315 621 4354 eausa
640 4315 665 4350 r.
685 4300 719 4349 33
739 4310 793 4362 seq.
