3252 4960
706 275 905 335 -q„

209 475 286 516 rum
301 472 367 516 non
387 473 405 515 a
423 459 517 536 poeta
536 453 605 534 ipso
622 451 678 515 sed
696 472 714 514 a
733 451 916 514 scholiastis
935 449 1093 532 profectos
1112 467 1181 512 esse
1200 447 1396 510 verisimilli-

212 579 305 622 mum
328 561 369 622 sit
398 607 404 622 .

208 729 212 732 .
303 558 432 730 Certibn
462 671 510 730 est
546 665 635 748 epist.
667 683 709 728 ex
738 664 842 728 Ponto
873 663 899 745 I,
923 664 943 726 2
968 668 1000 726 et
1022 662 1082 742 III,
1113 661 1272 726 3Paullc
1296 661 1394 724 Fabio

91 858 95 864 .
215 773 360 836 Maximo
385 792 455 836 esse
479 771 611 850 dandas,
635 791 711 834 nam
736 776 767 834 et
790 770 880 833 illius
904 788 986 832 vers.
1011 771 1030 834 3
1056 788 1125 852 seq:

366 877 444 954 »Qui
467 879 558 942 nasci
580 883 618 941 ut
640 896 760 962 possea,
785 877 934 959 quamvis
959 877 1103 940 cecidere
1127 877 1271 956 trecenti,

365 985 440 1050 Non
465 1004 577 1048 omnes
601 983 717 1048 Fabios
744 983 877 1048 abstulit
899 1003 967 1046 una
991 983 1074 1046 dies«

211 1100 244 1158 et
269 1095 365 1156 liuius
387 1112 470 1156 vers.
495 1095 529 1156 2:

424 1198 466 1262 »O
491 1199 581 1262 sidus
604 1196 731 1278 Fabiae,
755 1197 914 1278 Maxime,
936 1199 1044 1281 gentis
1067 1197 1157 1262 ades«

214 1306 388 1370 Fabiorum
412 1308 518 1390 gentis
541 1305 577 1368 lit
600 1307 730 1368 mentio.
786 1303 1004 1368 Eidemrero
1029 1305 1131 1367 amico
1156 1302 1230 1366 libri
1253 1303 1304 1366 Ill
1328 1303 1394 1385 epi-

211 1415 328 1478 stolam
360 1415 379 1476 8
411 1412 617 1476 tribuendam
648 1430 717 1476 esse
750 1413 807 1474 vix
832 1411 1005 1494 quisquam
1030 1408 1169 1493 negabit.
1214 1408 1299 1472 Nam
1322 1428 1393 1472 ver-

206 1541 269 1584 sus
295 1524 331 1584 7:
400 1563 405 1570 »
769 1560 772 1566 ,

363 1609 527 1692 »Purpura
551 1625 645 1692 saepe
669 1613 743 1670 tuos
767 1607 897 1690 fulgens
921 1607 1081 1689 praetexit
1104 1606 1255 1668 amictus«

151 1719 155 1730 ’
209 1734 315 1798 multo
336 1735 442 1818 aptius
466 1733 506 1796 de
525 1731 624 1796 Fabio
642 1731 787 1796 Maximo
806 1732 876 1794 viro
895 1731 1008 1795 multis
1027 1729 1204 1794 honoribus
1223 1729 1391 1812 perfuncto

207 1839 340 1923 dicitur,
363 1859 462 1924 quam
486 1837 692 1903 deMaximo
717 1837 815 1902 Cotta.

299 1948 352 2010 Ad
385 1946 566 2010 Maximum
587 1953 709 2026 autem
744 1943 868 2009 Cottam
902 1946 1057 2029 epistulas
1085 1944 1129 2022 Π,
1162 1945 1181 2008 8
1215 1949 1246 2008 et
1278 1941 1338 2023 ΙΙΙ,
1370 1944 1390 2006 2

212 2057 347 2138 scriptas
378 2072 456 2134 esse,
487 2072 529 2116 ex
560 2025 812 2116 allbcutionibus
840 2051 998 2116 »Maxime
1029 2051 1134 2116 Cotta«
1163 2050 1218 2134 (ΙΙ,
1250 2051 1278 2132 8,
1302 2051 1334 2129 2)
1360 2055 1391 2112 et

210 2161 330 2225 »Cotta
360 2159 487 2244 (HLQ,
512 2159 544 2242 1)
573 2161 649 2223 satis
678 2165 817 2242 apparet.
870 2157 986 2222 Eidem
1018 2163 1126 2222 autem
1151 2156 1324 2222 tribuimus
1348 2155 1391 2238 ΙΙ,

175 2301 178 2308 ¹
211 2271 241 2332 3.
288 2267 371 2331 Nam
395 2267 483 2350 quod
506 2265 651 2330 Koohius
674 2268 710 2329 in
735 2266 970 2329 dissertationis
994 2284 1072 2328 suae
1095 2285 1166 2349 pag.
1192 2262 1390 2327 761111θί71-

208 2395 308 2440 nerus
341 2375 382 2437 ad
413 2373 584 2438 Iuvenalis
617 2374 703 2437 satir.
733 2371 802 2453 ΙΙΙ,
837 2376 865 2454 7,
899 2375 941 2436 95
980 2373 1099 2454 aliique
1120 2369 1259 2453 epistol.
1292 2369 1336 2450 ss,
1368 2371 1388 2432 3

209 2481 308 2544 Fabio
341 2481 485 2544 Maximo
517 2479 759 2544 inscribendam
793 2498 863 2543 esse
906 2484 1054 2558 censent,
1087 2478 1227 2540 minime
1254 2475 1389 2559 probare

209 2608 382 2671 possumus
405 2594 535 2672 propter
557 2606 639 2650 vers.
665 2589 705 2649 75
730 2605 823 2668 seqq:

315 2711 426 2776 v-*1»Me
450 2719 527 2776 tuus
549 2712 606 2776 ille
629 2716 728 2794 pater,
751 2709 861 2774 Latiae
884 2711 1037 2774 facundia
1060 2710 1200 2794 linguae,

213 2867 216 2874 .
344 2818 453 2894 erae
476 2837 542 2882 non
566 2817 701 2882 inferior
723 2817 893 2881 nobilitate
915 2817 986 2899 fuit,

353 2924 493 2988 'Primus
516 2931 554 2988 ut
577 2925 740 2990 auderem
755 2925 955 2988 committere
979 2925 1123 2988 canuina
1145 2923 1250 2987 lamae

360 3031 507 3115 Impulit:
532 3031 661 3116 Ingenii
686 3031 754 3094 dux
778 3031 841 3095 fuit
863 3031 919 3094 ille
941 3032 1029 3094 mei«

208 3153 294 3218 Nam
327 3167 377 3220 ex*
401 3156 473 3221 aliis
506 3156 654 3240 epistulis
687 3155 727 3219 ad
760 3155 884 3219 Cottam
917 3156 1052 3238 scriptis
1084 3161 1122 3218 ut
1144 3155 1253 3239 paullo
1277 3162 1387 3238 postea

210 3263 350 3346 amplius
383 3259 592 3347 exponemus,
624 3265 849 3346 cognoscimus
880 3257 940 3326 hoc
969 3261 1039 3325 loeo
1067 3263 1233 3326 nominem
1257 3262 1320 3325 nisi
1343 3261 1385 3324 Μ.
1422 3279 1424 3283 ·

209 3369 389 3434 Messalam
406 3369 591 3451 Corvinum,
614 3369 725 3433 Cottae
747 3375 880 3454 patrem,
903 3369 1048 3452 intellegi
1070 3389 1172 3453 posse.

300 3476 388 3554 Quin
412 3483 520 3542 autem
545 3477 671 3562 epistol.
695 3476 720 3557 Ι,
745 3479 765 3540 5
789 3477 894 3542 eidem
919 3475 1027 3540 Cottae
1051 3476 1224 3541 tribuenda
1247 3477 1296 3558 sit,
1319 3495 1385 3538 non

210 3585 271 3648 erit
295 3584 440 3666 dublum,
464 3586 491 3647 si
515 3585 612 3648 huius
636 3585 789 3648 carminis
812 3603 893 3648 vers.
917 3587 959 3647 57
985 3590 1016 3648 et
1039 3585 1098 3647 58:

369 3690 495 3755 »Gloria
517 3710 575 3754 vos
600 3696 703 3773 acuat,
726 3711 794 3773 vos,
817 3697 854 3754 ut
876 3693 1010 3755 recitata
1032 3685 1209 3775 probentur

371 3799 530 3880 Carmina,
553 3797 669 3862 Pieriis
691 3797 860 3882 invigilate
884 3798 1003 3861 choris«
1254 3795 1256 3800 '

210 3907 504 3988 comparaverimus
528 3923 602 3968 cum
626 3925 674 3988 ep.
699 3923 740 3969 ex
762 3903 866 3968 Ponto
890 3903 947 3984 lv,
973 3905 1013 3967 16
1037 3923 1066 3965 ν.
1090 3905 1131 3966 41
1157 3923 1228 3988 seq:

208 4025 266 4094 »Te
275 4011 384 4094 tamen
393 4031 428 4093 in
440 4029 549 4094 turba«
559 4067 602 4075 -—
613 4047 731 4112 nempe
741 4034 907 4113 poetarum
919 4067 961 4074 -
976 4047 1056 4092 »non
1066 4029 1170 4092 ausim
1181 4026 1273 4092 Cotta
1282 4028 1386 4110 silere,

208 4136 376 4200 Pieridum
399 4137 511 4201 lumen
535 4137 797 4220 praesidiumque
820 4136 896 4200 fori«

204 4264 243 4274 ,—

283 4314 355 4384 Ι101.
392 4313 473 4368 Korn.
495 4315 575 4382 praef.
587 4315 630 4388 ¹ad
650 4312 713 4366 edit.
734 4312 812 4381 epist.
832 4328 865 4364 ex
884 4311 978 4380 Ponto,
996 4327 1057 4381 pag.
1076 4310 1197 4364 XXXII.
