3252 4960
738 293 934 352 „5-

244 469 388 552 quodam
406 469 505 532 Plinii
517 468 538 551 ¹)
562 475 648 532 recto
673 467 905 532 concludemus
925 488 999 531 enm
1019 467 1193 530 helnonem
1212 467 1321 544 fuisse,
1346 470 1420 530 nani

245 577 298 639 hic
327 576 419 640 cibus
451 568 577 639 tantum
601 575 640 639 ab
664 575 720 638 illo
750 575 946 657 compositus
970 582 1248 638 commemoratur.
1294 573 1421 637 Tacitus

244 689 356 747 autem
380 680 504 746 Cottam
532 683 641 745 virum
674 681 761 744 haud
784 682 894 745 minus
918 681 1012 744 claris
1035 681 1213 746 maioribus
1244 702 1342 763 quam
1363 680 1440 764 Lep

245 789 373 874 pidum,
397 789 455 853 sed
479 791 585 852 animo
611 789 775 880 divorsum
808 788 905 872 (Anu.
939 788 986 868 ΙΙ,
1019 787 1088 870 32),
1128 788 1181 852 vel
1218 789 1430 852 saevissimae

245 898 406 980 cuiusque
438 897 616 960 sententiae
645 901 809 959 auctorem
842 914 944 978 eoque
973 897 1150 958 inveterata
1178 896 1301 958 invidia
1324 895 1422 982 (Anu.

247 1003 305 1086 VI,
329 1001 362 1086 b)
387 1009 418 1066 et
441 1003 550 1087 paullo
574 1003 660 1066 infra
683 1004 848 1066 hominem
872 1001 1015 1065 nobilem
1035 1002 1175 1085 quidem,
1200 1003 1256 1066 sed
1276 1009 1422 1087 egentem

246 1111 288 1174 ob
308 1111 435 1182 luxum,
459 1129 517 1193 per
535 1109 658 1194 flagitia
676 1109 831 1173 infamem
855 1109 953 1193 (Ann.
974 1108 1030 1190 VI,
1051 1108 1082 1191 7)
1106 1109 1245 1193 appellat
1269 1116 1308 1188 11,
1337 1110 1424 1192 quod

247 1216 413 1280 Tiberium
427 1217 594 1281 humiliter
609 1217 796 1299 abiectaque
812 1216 962 1280 adulatus
978 1217 1186 1300 insontesque
1202 1216 1424 1280 crudelissime

249 1329 437 1408 persecutus
473 1326 521 1404 sit,
553 1323 763 1388 vehementer
792 1341 868 1387 eum
890 1323 1087 1406 vituperas).
1142 1322 1212 1398 Qua
1241 1324 1424 1389 inrasae

173 1429 176 1434 ’
247 1431 385 1515 scriptor
412 1431 467 1494 ille
496 1451 562 1494 non
586 1432 657 1494 sine
687 1431 736 1492 ira
759 1436 791 1493 et
821 1431 927 1494 studio
950 1430 1115 1512 iudicavit,
1138 1432 1326 1514 praesertim
1349 1450 1424 1493 cum

247 1537 358 1602 001111
382 1544 488 1622 partes
513 1557 579 1601 non
604 1543 803 1620 sequeretur,
820 1538 894 1614 sive
918 1557 994 1601 vera
1017 1537 1197 1620 tradiditll,
1227 1543 1335 1601 tamen
1359 1557 1424 1600 non

245 1652 296 1710 est
320 1645 546 1726 dubitandum,
571 1645 651 1728 quin
674 1663 786 1707 revera
811 1642 947 1708 Ovidius
972 1665 991 1708 a
1014 1642 1106 1708 00111
1128 1645 1231 1708 mrdta
1255 1650 1286 1708 11
1309 1665 1426 1728 magua
1478 1711 1481 1720 ,

244 1754 407 1836 acceperit
429 1752 595 1832 beneficia,
620 1771 695 1814 cum
718 1751 814 1814 illum
837 1771 913 1814 suos
942 1752 1035 1816 donis
1058 1752 1239 1836 largissime
1263 1751 1426 1816 adiuvisse
1463 1770 1465 1773 ’

248 1866 280 1923 11
303 1859 467 1923 hominem
485 1858 654 1922 liberalem
673 1877 708 1922 se
726 1857 914 1941 praebuisse
934 1859 1005 1922 aliis
1026 1878 1155 1942 quoque
1175 1859 1332 1944 exemplis
1352 1878 1427 1922 con-

245 1965 403 2030 firmetur.
449 1964 549 2028 Velut
572 1964 742 2028 Juvenalis
766 1965 800 2027 in
824 1966 910 2028 satir.
935 1965 960 2046 I,
984 1968 1057 2042 bv.
1083 1967 1146 2032 109
1171 1965 1264 2030 dicit:

463 2070 567 2147 »Quae
589 2071 665 2134 Piso
689 2070 804 2152 bonus,
828 2090 910 2154 quae
934 2071 1025 2137 Cotta
1048 2073 1170 2138 solebat
1363 2055 1365 2059 ⁸

462 2177 605 2263 Largiris

247 2285 401 2368 idemque
425 2287 564 2352 ostendit
583 2287 751 2371 inscriptio
776 2287 935 2370 quaedam
959 2289 991 2349 in
1016 2287 1163 2370 sepulcro
1183 2289 1286 2351 incisa
1304 2288 1426 2368 Arrrcli,

247 2390 360 2454 001111
382 2389 518 2456 Maximi
542 2393 659 2476 liberti,
683 2393 812 2475 Zosimi,
827 2395 871 2457 'in
895 2415 960 2476 qua
984 2393 1128 2458 distichis
1152 2394 1284 2478 largitas
1303 2394 1427 2457 domini

248 2499 437 2578 laudatura.
1222 2579 1224 2586 ,

337 2604 534 2689 Priusquam
558 2613 667 2671 autem
692 2626 738 2690 ea,
763 2627 846 2691 quae
871 2627 912 2672 ex
932 2605 1048 2671 Ovidio
1067 2609 1137 2692 ipso
1154 2607 1194 2671 ad
1214 2606 1324 2693 Cottae
1346 2611 1426 2672 ima-

246 2713 358 2796 ginem
392 2713 650 2778 adumbrandam
684 2716 820 2798 eiusque
853 2733 960 2778 mores
993 2715 1234 2799 cognoscendos
1272 2714 1427 2799 colligere

249 2839 430 2902 possumne,
455 2839 667 2912 exponamus,
691 2841 757 2884 non
781 2821 925 2885 alienum
956 2822 1050 2886 nobis
1073 2823 1202 2887 videtur
1225 2841 1294 2886 esse
1322 2821 1427 2886 brevi·

248 2933 298 2989 ter
317 2917 544 3009 demonstrare,
565 2947 724 3010 quaenam
744 2929 901 3012 epistulae
921 2947 962 2992 ex
980 2927 1084 2992 Ponto
1104 2929 1144 2992 ad
1165 2928 1289 2993 Cottam
1308 2927 1427 2992 Messa·

250 3031 355 3096 linum
379 3035 444 3097 sint
467 3035 612 3118 scriptae.
659 3035 829 3100 Interdum
859 3037 944 3100 enim
979 3041 1073 3118 poeta
1103 3037 1137 3098 in
1160 3037 1225 3099 illis
1249 3035 1341 3098 nulla
1363 3037 1427 3098 nisi

248 3140 444 3203 allocutione
472 3138 644 3205 »Maxime«
677 3163 757 3206 usus
788 3148 845 3225 est,
874 3148 911 3206 ut
941 3143 1069 3226 saepius
1098 3143 1293 3224 dubitemus,
1319 3148 1426 3206 utrum

249 3249 386 3330 epistola
419 3245 528 3312 Cottae
561 3247 736 3313 Messalino
770 3247 811 3313 an
843 3249 958 3313 Paullo
991 3248 1090 3313 Fabio
1122 3249 1266 3313 Maximo
1288 3251 1341 3312 »sit
1371 3251 1428 3312 tri-

250 3353 388 3417 buenda.
442 3351 599 3418 Codicum
636 3364 745 3420 autem
781 3356 1047 3440 inscriptionibus
1082 3356 1173 3420 nulla
1202 3356 1350 3421 habenda
1380 3362 1427 3420 est

249 3461 339 3542 fides,
363 3481 439 3524 cum
461 3461 654 3547 plerumque
678 3464 761 3526 nihil
784 3463 959 3548 praebeant
988 3465 1051 3527 nisi
1079 3464 1131 3527 vel
1154 3464 1209 3527 »ad
1232 3461 1427 3526 Maximum«

251 3569 302 3631 vel
318 3567 476 3632 Maximo«
493 3569 545 3632 vel
560 3569 718 3634 »maruno
736 3571 839 3634 amico
864 3591 937 3634 suos
956 3577 987 3634 11
1006 3571 1116 3635 titulos
1133 3570 1341 3655 epistolarum
1358 3569 1427 3633 illa·
1457 3574 1458 3577 ’

325 3799 345 3866 1)
363 3799 497 3854 Plinius
515 3799 549 3854 H.
569 3800 604 3853 N.
624 3799 660 3866 X,
680 3803 714 3853 22
734 3801 749 3866 ἕ
770 3804 802 3856 57
823 3801 863 3854 ed.
883 3799 978 3870 Sillig:
1006 3800 1072 3856 »Sed
1092 3800 1161 3869 quod
1188 3801 1302 3867 constat,
1321 3799 1425 3853 Messa·

250 3887 324 3941 linus
345 3887 435 3958 Cotta,
461 3887 596 3944 Messalae
621 3889 734 3942 oratoris
759 3888 840 3956 filius
866 3889 970 3958 palmas
993 3889 1092 3958 pedum
1111 3905 1146 3942 ex
1163 3887 1207 3942 his
1227 3891 1326 3942 temore
1344 3891 1427 3964 atque

251 3976 353 4044 patinis
380 3994 443 4031 cunr
471 3979 684 4048 gallinaceorum
713 3977 804 4031 aristis
833 3979 940 4032 condire
959 3979 1074 4048 reperit3
1104 3978 1241 4032 tribuetur
1259 3979 1332 4032 enim
1345 3979 1366 4032 ‘a
1384 3995 1426 4032 me

251 4065 351 4120 culinis
362 4067 503 4136 cuiusque
522 4067 614 4136 palma
632 4085 694 4121 curn
712 4068 773 4121 lide.

322 4156 550 4224 11111131.
587 4156 634 4224 IV,
655 4161 697 4211 20.
734 4157 767 4224 r,
787 4163 811 4212 3.

323 4246 343 4315 3)
362 4249 394 4299 ut
412 4250 486 4300 recte
505 4246 533 4299 in
552 4246 649 4301 Annal.
669 4247 756 4301 instit.
777 4247 850 4301 arch.
869 4246 1008 4300 XXXVII
1026 4263 1085 4316 pag.
1108 4250 1147 4300 10.
1168 4247 1276 4300 dicitur.

323 4335 344 4404 ⁴)
363 4335 492 4405 Legimus
511 4337 584 4391 huno
604 4335 716 4389 titulum
735 4337 764 4388 in
782 4353 843 4390 ann.
864 4337 927 4389 inst.
947 4335 1018 4390 arch.
1038 4335 1055 4389 l.
1076 4353 1099 4390 c.
1118 4350 1143 4403 p.
1164 4340 1188 4389 6.
