3252 4960
732 359 772 365 —-
820 324 861 382 :itt
911 358 949 366 -

253 500 404 562 Paullum
424 499 560 562 Fabium
580 499 761 562 llaximum
785 498 825 562 ab
845 498 962 562 Ouidio
986 501 1091 564 rideri
1115 501 1250 562 missum
1271 519 1340 564 esse
1363 503 1428 563 iam

254 627 351 690 supra
374 608 592 690 exposuimus.
650 605 767 670 Tamen
799 626 840 670 ne
868 606 908 669 de
940 606 1000 668 hoc
1034 608 1213 690 cogitemus
1244 609 1360 688 amico,
1391 627 1430 670 eo

253 714 402 776 videniur
425 713 583 796 impediri,
608 713 693 796 quod
713 713 747 774 iu
771 717 880 774 nostro
900 714 1043 776 carmine
1068 715 1176 776 omnia
1195 714 1321 796 desunt,
1346 735 1431 796 quae

254 821 293 882 ad
318 819 491 884 Caesarum
514 819 671 882 i'amiliam
694 821 864 901 pertinent.
916 817 1013 882 Putat
1042 823 1128 883 enim
1159 827 1251 904 poete
1279 823 1430 900 amicum,

255 929 310 1008 qui
331 934 424 990 antea
442 926 530 990 fideli
550 927 658 988 animo
674 944 782 988 rerum
803 946 935 988 suarum
956 946 1067 990 curam
1083 928 1284 1010 suscepisset,
1305 929 1361 1010 qui
1374 949 1431 990 an-

254 1043 305 1098 tea
328 1043 439 1118 portus
463 1039 494 1096 et
518 1033 708 1115 confugium
732 1051 828 1095 suum
852 1033 975 1114 suisset,
998 1036 1033 1096 in
1057 1035 1163 1097 studio
1188 1053 1263 1116 erga
1287 1034 1428 1097 sodalem

253 1141 349 1205 rebus
374 1141 516 1204 adversis
547 1139 705 1202 afflictum
729 1139 919 1221 elanguisse.
972 1139 1148 1203 Maximam
1172 1147 1279 1204 autem
1304 1151 1335 1204 et
1358 1163 1431 1224 gra-

254 1250 419 1312 vissimam
452 1247 612 1310 malorum
646 1245 773 1308 turbam
807 1246 937 1308 exulem
973 1266 1007 1310 se
1040 1249 1248 1312 circumstare
1281 1268 1431 1331 querens,

254 1356 332 1438 petit
356 1355 395 1417 ab
425 1354 499 1432 illo,
531 1359 568 1416 ut
598 1358 779 1435 compescat
807 1354 1050 1436 intempestivos
1074 1361 1216 1418 tumores
1240 1361 1336 1438 atque
1359 1375 1431 1438 per·
1468 1423 1470 1428 ,

254 1464 344 1525 sistat
367 1464 401 1523 in
425 1462 490 1525 fiale
514 1481 590 1543 erga
613 1460 776 1524 infelicem
801 1460 941 1522 amioum
965 1481 994 1521 v.
1020 1464 1062 1524 45
1088 1481 1168 1544 seq.:

458 1568 721 1649 »Intempestivos
744 1567 845 1648 igitur
869 1585 1036 1649 compesce
1059 1573 1210 1650 tumores

459 1675 541 1738 Vela
564 1693 670 1756 neque
694 1675 728 1734 in
752 1673 859 1736 medio
884 1673 994 1738 desere
1018 1682 1126 1738 nostra
1149 1677 1252 1739 mari«

254 1783 328 1846 lam
352 1788 552 1846 transeamus
576 1781 616 1844 ad
639 1779 752 1842 Trist.
777 1780 872 1863 eleg.
896 1780 936 1861 V,
963 1783 1019 1845 13.
1065 1781 1186 1845 Iterum
1206 1789 1313 1846 autem
1337 1791 1429 1866 poeta

256 1891 396 1952 amicum
420 1891 591 1972 vituperat,
616 1887 703 1970 quod
726 1893 791 1950 tam
815 1907 887 1949 raro
912 1887 952 1950 ad
976 1907 1010 1951 se
1034 1889 1188 1972 epistulas
1212 1891 1335 1953 mittat:

415 1996 528 2071 »Quod
553 2002 608 2059 tua
631 2014 682 2057 me
706 2013 777 2056 raro
802 1993 923 2056 solatur
946 1996 1093 2077 epistula,
1116 2015 1239 2078 peccas

414 2102 559 2185 Renrque
582 2104 668 2185 piam
692 2107 843 2184 praestas,
868 2107 899 2164 et
922 2102 1001 2163 mihi
1024 2102 1123 2165 verba
1147 2122 1253 2184 negas,

415 2209 494 2291 Hoc,
518 2228 638 2292 precor,
663 2208 838 2271 enrendal«
884 2257 890 2268 .
938 2257 944 2269 .
986 2276 990 2286 Ι
992 2255 1268 2271 ......

414 2316 469 2380 »Di
493 2317 621 2396 faciant,
645 2320 682 2377 ut
705 2316 746 2377 sit
769 2317 939 2378 temeraria
962 2322 1071 2378 nostra
1095 2317 1246 2398 querella,

414 2424 522 2507 Teque
545 2430 655 2507 putem
679 2422 759 2484 falso
783 2441 849 2483 non
872 2424 1059 2486 meminisse
1083 2424 1181 2486 meli«

255 2533 371 2614 Neque
408 2537 515 2594 tamen
549 2549 694 2612 unquam
728 2528 857 2591 eredere
892 2535 996 2611 potest
1034 2531 1173 2592 amicum
1208 2531 1429 2594 immemorem

256 2660 325 2702 esse
348 2639 487 2701 infelicis
511 2637 637 2700 sodalis.
683 2634 798 2717 ltaque
822 2654 895 2698 eum
921 2635 1117 2716 adhortatur,
1141 2643 1178 2699 ut
1201 2638 1328 2720 saepius
1353 2639 1431 2700 scri·

258 2746 363 2809 bendo
388 2745 496 2807 Ovidii
521 2763 632 2806 curam
657 2742 811 2804 dissolvat
835 2747 866 2805 et
890 2761 923 2805 se
948 2743 1070 2824 eodem,
1103 2764 1166 2824 quo
1191 2750 1300 2824 antea,
1324 2763 1432 2806 aurore

256 2855 397 2915 amicum
421 2851 589 2934 complecti
614 2851 818 2912 demonstret.

345 2958 456 3034 Quid?
480 2960 540 3020 ista
560 2958 702 3020 earmina
719 2975 828 3019 nonne
851 2955 981 3017 vinculo
1006 2957 1145 3038 quodam
1164 2959 1247 3020 iuter
1266 2978 1300 3021 se
1318 2958 1432 3020 videu-

256 3073 309 3128 tur
332 3085 401 3128 esse
426 3066 571 3128 conexa?
596 3063 741 3127 Fortasse
765 3063 974 3146 cogitandum
995 3068 1042 3126 est
1061 3065 1210 3144 amicum,
1235 3067 1430 3146 ‹praniquam

257 3173 393 3234 Ovidius
417 3192 507 3253 eum,
546 3181 582 3234 ut
611 3172 651 3234 ad
690 3191 723 3234 se
755 3169 920 3249 scriberet,
955 3169 1083 3252 saepius
1117 3171 1304 3234 adhortatus
1339 3176 1432 3248 esset,

256 3287 365 3342 tamen
391 3287 478 3360 tum,
507 3299 581 3342 erun
605 3279 660 3340 ille
689 3277 768 3359 eleg.
789 3276 827 3357 V,
852 3279 871 3338 6
892 3283 1113 3359 componeret,
1142 3279 1288 3340 nondum
1316 3278 1431 3339 volun-

256 3387 313 3449 tati
342 3387 412 3448 eius
442 3385 642 3448 satisfecisse.
697 3382 790 3459 Quod
822 3385 850 3446 si
872 3383 1060 3467 probamuS,
1084 3383 1178 3447 facile
1204 3384 1431 3468 intellegimus

256 3514 314 3555 eiu
343 3493 404 3555 hoc
432 3511 561 3554 carmen
600 3491 719 3553 doloris
750 3496 781 3554 et
808 3492 874 3553 irae
907 3497 971 3552 tam
997 3492 1038 3553 sit
1069 3491 1210 3573 plenum.
1260 3489 1430 3555 leuiorem

256 3608 363 3662 aautem
387 3599 659 3682 placidioremque
683 3604 794 3680 poetae
818 3598 962 3660 animum
986 3597 1065 3680 eleg.
1090 3597 1129 3674 V,
1165 3601 1204 3662 13
1229 3598 1365 3678 indicat,
1389 3616 1430 3659 ex

257 3707 478 3788 (praevidemus
488 3725 563 3769 eum
583 3706 743 3787 accepisse
762 3704 933 3786 epistulam
952 3703 991 3766 ab
1009 3705 1110 3766 amieo
1126 3723 1232 3788 neque
1252 3704 1430 3785 quidquam

256 3814 344 3875 aliud
369 3819 487 3895 optare,
510 3814 573 3874 nisi
598 3820 634 3873 ut
657 3812 774 3874 sodalis
799 3812 927 3893 saepius
951 3811 991 3873 ad
1015 3830 1049 3874 se
1073 3810 1198 3873 scribat.

345 3921 454 4002 Atque
481 3920 515 3981 in
548 3920 598 3981 his
631 3918 781 3980 omnihus
810 3918 922 4000 elegiis
952 3918 1045 3980 illum
1075 3919 1232 3980 instanter
1267 3923 1298 3980 et
1327 3935 1432 3999 paene

257 4027 473 4089 sollicitudine
507 4027 645 4108 quadam
679 4025 810 4087 affectus
846 4024 1012 4094 admonet,
1044 4029 1081 4085 ut
1112 4025 1202 4105 pium
1235 4023 1432 4105 fidelemque

257 4135 351 4196 etiami
384 4153 458 4216 erga
491 4133 651 4196 infelicem
683 4133 821 4194 enricum
856 4150 890 4193 se
920 4130 1071 4213 praebeat
1104 4149 1185 4193 neve
1218 4150 1362 4212 unquam
1395 4131 1429 4191 in

257 4241 361 4302 cilicio
386 4241 579 4323 languescat.

346 4347 415 4421 Qua
435 4348 465 4408 in
487 4366 521 4409 re
545 4348 621 4408 lraoc
642 4347 784 4408 carmina
802 4353 865 4406 tam
887 4343 969 4406 bone
993 4345 1198 4406 clmseutiunt
1218 4365 1291 4406 cum
1311 4346 1432 4426 epistu-
