3252 4960
736 355 954 416 „22-

348 526 491 590 lintrem
511 527 616 591 Paulli
639 529 729 592 Fabii
745 531 880 595 Maximi
901 531 935 607 Q.
954 531 1090 595 Fabium
1110 530 1291 594 llaximum
1309 529 1434 590 Africa-

259 654 339 696 num
358 635 524 697 consulem
537 637 613 698 anni
632 656 658 698 0.
676 636 747 700 Chr.
768 639 808 702 10
823 639 923 704 fuisse
943 641 1007 702 iam
1025 657 1121 721 supra
1136 637 1277 700 diximus
1297 639 1378 718 (pag.
1392 634 1431 716 7).

258 740 376 804 Filium
416 745 523 804 autem
569 742 682 806 habuit
726 751 852 827 praeter
888 746 1039 809 Paullum
1079 743 1215 808 Fabium
1254 742 1432 806 Maximum

257 847 408 910 Paullum
432 846 569 912 Fabium
591 848 772 932 Persicum,
798 854 853 934 qui
882 873 965 916 anno
995 874 1024 936 p.
1057 850 1127 914 Chr.
1159 853 1202 914 34
1231 850 1432 913 consulatum

258 974 333 1016 cum
355 953 389 1018 L
409 954 541 1020 Vitellio
560 943 659 1040 gessit
668 960 699 1037 1).
733 956 831 1022 Hunc
849 965 957 1022 tamen
977 959 1061 1042 apud
1081 959 1231 1040 aequales
1250 977 1316 1020 non
1333 957 1432 1020 fuisse

257 1082 373 1145 magno
397 1063 431 1124 in
455 1062 575 1126 honore
599 1083 640 1125 ex
664 1062 805 1128 Senecae
829 1067 869 1129 de
892 1066 1024 1130 benefic.
1048 1065 1105 1145 lv,
1129 1066 1175 1146 30Ι
1197 1065 1352 1144 videmus,
1375 1063 1431 1127 ubi

257 1170 353 1232 etiam
384 1169 540 1252 impudici
574 1170 643 1232 eius
676 1172 822 1234 osculum
855 1173 1012 1236 devitasse
1046 1173 1204 1234 dicuntur.
1263 1171 1432 1234 Praeterea

195 1273 197 1280 '
253 1277 312 1343 ,illo
345 1277 415 1340 loco
446 1276 677 1359 comperimus
711 1296 784 1340 eum
814 1281 1010 1343 sacerdotem
1042 1298 1107 1342 non
1139 1298 1204 1341 uno
1232 1278 1266 1340 iu
1297 1279 1431 1360 collegio

232 1367 364 1446 luisse.
410 1381 461 1444 Hx
485 1383 693 1465 inscriptione
718 1385 856 1466 quadam
879 1386 1018 1470 Ephesia
1028 1385 1069 1468 2);

469 1504 651 1559 »PAULLUS
669 1505 798 1560 FABIUS
816 1506 985 1561 PERSIOUS

469 1593 617 1648 SODALIS
636 1594 864 1662 Auoosdanls
884 1595 1022 1650 FRATER
1041 1596 1208 1650 anulus«

254 1810 473 1894 Waddington
484 1809 508 1893 ³)
539 1815 626 1873 recte
658 1811 787 1874 videtur
819 1813 1015 1876 conclusisse
1048 1832 1121 1877 eum
1155 1832 1199 1875 ca.
1233 1831 1353 1876 annum
1386 1813 1429 1873 44

253 1918 478 2000 proconsulem
511 1917 610 1980 Asiae
641 1917 761 1980 factum
796 1937 873 1982 esse.
930 1916 1023 1994 Quod
1054 1940 1111 2003 pro
1145 1923 1230 1982 certo
1263 1919 1334 1982 ideo
1363 1937 1428 1980 non

255 2031 358 2108 potest
382 2023 459 2106 dici,
484 2023 569 2107 quod
597 2025 633 2086 in
657 2025 768 2088 ordine
797 2028 1026 2108 proconsulmn
1051 2045 1169 2109 magna
1198 2025 1315 2087 lacuna
1345 2026 1430 2087 inter

256 2151 377 2194 armum
399 2133 441 2194 41
467 2136 498 2194 et
522 2133 562 2194 51
587 2132 775 2194 intercessit.
813 2131 880 2196 Sub
899 2133 1145 2218 imperatoribus
1169 2137 1277 2196 autem
1294 2130 1430 2211 Tiberio,

254 2238 408 2322 Caligula,
432 2236 575 2320 Claudio,
599 2255 737 2320 quocum
767 2241 907 2302 arincitia
935 2246 1002 2304 erat
1030 2242 1222 2318 coniunctus
1230 2242 1269 2319 ⁴).
1302 2239 1429 2321 saepius

251 2346 350 2408 irater
376 2345 507 2408 Arvrdis
535 2346 842 2428 commemoratum).
893 2346 978 2409 Eum
1002 2352 1109 2410 autem
1132 2347 1321 2428 nragistrum
1344 2364 1427 2407 anno

327 2611 403 2673 1)’01.
429 2609 540 2665 Tacit.
565 2611 635 2663 Ann.
662 2611 713 2676 vl,
742 2613 784 2663 28.
827 2610 979 2665 Frontis.
1006 2611 1039 2664 de
1059 2627 1119 2679 aqu.
1139 2611 1198 2664 urb.
1218 2609 1249 2662 R.
1272 2613 1330 2663 102.
1367 2609 1427 2662 Dio

251 2700 353 2755 LVIII.
374 2703 415 2753 24.
437 2729 469 2737 -
489 2701 560 2754 Acta
577 2699 652 2754 fratr.
672 2703 737 2753 div.
757 2716 816 2769 pag.
837 2699 947 2753 XXXV
965 2699 1012 2753 lin.
1033 2704 1049 2753 6
1069 2700 1119 2768 (ed.
1139 2698 1192 2768 H).

324 2788 345 2855 Ξ)
365 2805 447 2857 quam
466 2787 493 2842 C.
514 2787 657 2842 Curtius
677 2789 706 2841 in
718 2788 836 2842 Hermae
856 2789 908 2844 vol.
922 2789 962 2842 IV
982 2789 1081 2858 (1870),
1100 2805 1158 2858 pag.
1173 2792 1224 2842 217
1244 2791 1272 2841 et
1289 2787 1427 2841 Henzen

253 2879 279 2930 in
299 2877 391 2932 »Scavi
409 2877 455 2930 nel
474 2878 555 2931 bosco
573 2893 648 2932 sacro
667 2878 710 2931 dei
729 2877 830 2931 butelli
844 2877 951 2932 Arruli«
971 2878 1061 2948 (1878)
1075 2894 1133 2947 pag.
1149 2883 1163 2932 7
1184 2877 1276 2930 edidit.
1314 2876 1427 2946 Legitur

253 2983 359 3034 (pioque
378 2967 407 3020 in
427 2967 454 3020 Ο.
473 2966 498 3018 J.
517 2965 547 3019 L.
565 2966 614 3034 HI,
635 2971 659 3034 2,
680 2970 757 3022 6073.

323 3056 343 3121 3)
362 3057 380 3109 l.
399 3056 417 3108 l.
436 3073 495 3125 pag.
518 3059 575 3111 120.

322 3147 343 3214 4)
362 3149 394 3198 ut
412 3145 480 3199 satis
493 3145 662 3200 demonstrat
679 3130 755 3199 locus
768 3147 879 3214 quidam
898 3146 927 3198 in
946 3146 1065 3200 oratione
1088 3145 1194 3199 Claudii
1214 3146 1246 3198 de
1265 3146 1324 3198 iure
1342 3145 1424 3198 hono·

251 3251 311 3288 rum
340 3233 478 3288 Gallorum
505 3234 598 3288 habita
626 3236 677 3303 (00.
702 3235 832 3303 Nipperd.
854 3235 883 3287 in
907 3235 970 3288 edit.
997 3234 1094 3288 Annal.
1118 3234 1242 3301 rol.-H³a
1262 3251 1322 3303 pag.
1346 3234 1424 3302 316):

251 3323 312 3378 »Tot
331 3339 392 3378 ecce
410 3323 532 3392 Insignes
550 3323 672 3390 iuvenes,
692 3327 757 3392 quot
775 3324 890 3390 intueor,
910 3340 960 3377 non
981 3324 1069 3393 magis
1088 3327 1153 3377 sunt
1170 3323 1326 3391 paenitendi
1345 3337 1423 3376 0000-

251 3416 331 3480 tores,
352 3429 434 3480 quam
453 3412 574 3480 paemtet
592 3412 741 3478 Persicum.
761 3396 960 3467 nobilissimum
982 3413 1081 3478 011010,
1102 3413 1220 3466 amicum
1242 3429 1340 3478 meum,
1354 3412 1424 3464 inter

250 3502 383 3571 imagines
401 3501 536 3555 maiorum
554 3518 665 3555 suorum
683 3501 847 3571 Allobrogici
866 3518 962 3556 nomen
981 3503 1090 3572 legere«.

321 3591 342 3658 ῡ)
361 3590 502 3644 Henzen
520 3592 590 3645 Acta
608 3592 639 3644 fr.
659 3595 722 3644 Arv.
742 3607 801 3661 pag.
820 3591 933 3644 XXXII
953 3593 987 3660 (a.
1006 3609 1031 3659 p.
1052 3591 1113 3646 Chr.
1135 3592 1188 3660 21).

250 3680 277 3733 C.
297 3681 321 3733 J.
340 3679 370 3733 L.
390 3679 437 3747 VI,
460 3685 482 3746 1,
501 3696 561 3749 pag.
582 3685 633 3734 404
652 3697 678 3733 0.
694 3683 788 3735 ,20200
873 3705 907 3724 =
925 3679 1037 3734 Henzen
1055 3697 1114 3750 pag.
1133 3680 1244 3734 XXXV
1264 3680 1297 3747 (0.
1317 3679 1369 3748 35).

338 3771 402 3824 ibid.
488 3786 522 3822 no
541 3773 631 3822 2020Ο
871 3794 905 3812 =
924 3769 958 3823 Η.
978 3786 1038 3839 pag.
1058 3769 1195 3822 XXXVII
1214 3785 1236 3823 c.
1256 3771 1290 3837 (0.
1311 3769 1363 3836 36).

337 3859 402 3912 ibid.
487 3876 513 3910 n.
534 3862 601 3912 2027
870 3883 905 3903 ==
923 3858 957 3911 H.
977 3876 1036 3928 pag.
1056 3857 1182 3912 XXXIX
1202 3859 1272 3926 (fort.
1292 3873 1354 3912 ann.
1368 3858 1420 3925 37).

338 3949 404 4002 ibid.
489 3965 515 4000 n.
536 3951 605 4001 2028
625 3964 648 4013 a,
668 3947 694 4005 b.
714 3965 736 4004 c.
756 3948 845 4001 d—h
870 3973 904 3992 =
922 3947 955 4001 H.
976 3965 1035 4018 pag.
1054 3948 1132 4001 XLII
1151 3950 1178 4000 et
1195 3946 1289 4000 XLIII
1307 3963 1420 4015 seqq.—

1110 4053 1170 4106 pug.
1190 4035 1295 4090 XLVII
1314 4037 1346 4105 (0.
1367 4037 1419 4104 38).

320 4125 384 4179 ibid.
457 4142 517 4195 pag.
538 4131 589 4180 470
609 4144 635 4179 n.
655 4129 724 4180 2020
866 4151 899 4169 --
918 4125 952 4179 H.
972 4143 1031 4195 pag.
1052 4126 1144 4180 XLIX
1165 4126 1198 4194 (0.
1219 4125 1270 4194 39).
1306 4157 1309 4166 ·

257 4255 259 4258 -
319 4216 383 4270 ibid.
461 4231 520 4284 pag.
541 4220 591 4270 474
611 4233 636 4269 0.
658 4219 726 4270 2032
868 4240 901 4258 --
920 4215 954 4268 Η.
974 4231 1034 4284 pag.
1055 4215 1116 4268 LIV
1136 4231 1182 4283 seq
1201 4215 1419 4282 (000.43--48).

319 4305 384 4359 ibid.
465 4321 524 4372 pag.
545 4309 596 4358 476
616 4323 641 4356 n.
662 4309 732 4358 2030
866 4329 901 4347 ==
920 4303 953 4357 H.
972 4321 1032 4374 pag.
1051 4304 1115 4358 LIX
1135 4306 1178 4372 (00
1199 4320 1221 4357 0.
1243 4305 1366 4372 00-54).

876 4393 984 4461 (Marini
1005 4397 1058 4447 tar.
1077 4394 1124 4448 IV.
1144 4393 1190 4451 VI.
1210 4394 1270 4462 VII,
1288 4394 1339 4454 IX.
1358 4394 1418 4462 XI).
