3252 4960
594 383 625 406 .·
701 342 919 404 -49-

219 527 447 609 relinquimus·
480 524 563 586 Sunt
582 523 668 586 enim
692 521 732 583 iis
755 520 843 599 locis,
867 518 924 581 ubi
946 525 1040 600 poeta
1064 518 1103 580 de
1126 518 1314 581 condicione
1334 538 1392 580 sua

220 641 250 698 et
275 634 314 696 de
333 633 449 695 studiis
469 631 536 694 1111
557 629 642 709 dicit,
661 629 744 690 inter
763 646 797 690 se
816 625 903 688 haud
923 625 1092 688 dissimilia
1111 631 1207 708 atque
1225 627 1260 688 in
1280 626 1392 688 eadem

219 761 253 804 re
278 761 351 803 oum
381 738 506 822 epistul.
532 756 572 800 ex
596 736 700 798 Ponto
723 733 758 814 Ι,
783 736 802 796 5
827 732 866 795 ad
891 731 1014 795 Cottam
1039 731 1250 796 Messalinum
1275 733 1392 815 scripta

221 848 426 911 conveniunt.
477 843 568 906 Haec
597 847 704 906 tamen
734 860 786 904 res
816 840 949 903 minime
972 859 1031 902 nos
1055 845 1159 922 potest
1182 859 1392 920 commovere,

220 961 256 1019 ut
279 956 318 1019 de
342 954 454 1018 eodem
474 952 544 1013 viro
568 949 686 1012 inillis
706 945 902 1011 carminibus
926 947 1112 1028 cogitemus
1136 948 1297 1030 cumipse
1317 945 1392 1009 Ovi-

220 1064 292 1126 dius
317 1063 405 1145 epist.
431 1079 473 1123 ex
496 1057 599 1121 Ponto
623 1055 682 1134 ΙΙΙ,
706 1057 726 1118 9
750 1075 779 1116 v.
804 1056 846 1117 39
871 1073 957 1136 seqq.
981 1052 1181 1136 profiteatur:

325 1221 422 1286 »Cum
444 1221 562 1284 totiens
586 1217 698 1280 eadem
722 1216 836 1296 dicam,
859 1217 916 1277 vix
940 1215 1054 1278 audior
1077 1213 1155 1278 ulli:

326 1328 498 1412 Verbaque
521 1325 668 1410 profectu
692 1322 893 1387 dissimulata
917 1327 1034 1385 carent

326 1436 367 1501 Et
389 1441 497 1500 tamen
521 1435 600 1497 haec
624 1432 735 1496 eadem
759 1450 834 1494 cum
858 1431 930 1509 sint,
954 1449 1019 1491 non
1043 1427 1214 1492 scribimus
1236 1428 1338 1492 isdem
1358 1430 1361 1436 '

326 1543 463 1627 Unaque
487 1561 544 1626 per
566 1541 675 1625 plures
699 1560 764 1602 vox
787 1557 859 1601 mea
882 1541 1116 1620 temptatopem.

324 1653 387 1732 An,
410 1670 453 1713 ne
476 1649 526 1713 bis
550 1667 681 1712 sensum
704 1647 804 1709 lector
826 1645 980 1728 reperiret
1004 1643 1151 1723 eundem,

299 1814 301 1816 .
325 1758 420 1822 Unus
444 1757 631 1833 amicorum,
653 1753 763 1832 Brute,
786 1752 948 1834 rogandus
972 1751 1086 1814 erati«

219 1922 269 1981 Ac
297 1936 338 1980 ne
368 1915 491 1980 Koohio
521 1913 651 1997 quidem
685 1912 894 1991 assentimur,
927 1912 983 1993 qui
1014 1911 1077 1973 1.l.
1109 1931 1178 1994 pag.
1206 1911 1246 1973 10
1276 1909 1393 1972 Rufino

219 2025 310 2087 Trist.
340 2023 417 2106 eleg.
448 2021 486 2103 V,
519 2025 558 2084 12
588 2018 828 2083 inscribendam
865 2017 968 2080 videri
1008 2023 1123 2081 censet.
1183 2016 1274 2080 Certe
1308 2019 1394 2080 enim

221 2131 430 2215 diligentiam,
455 2150 518 2213 qua
537 2127 674 2191 Ovidius
697 2127 732 2187 in
755 2125 815 2188 hac
839 2124 941 2207 elegia
965 2126 1144 2188 carminum
1164 2143 1297 2188 suorum
1316 2145 1394 2208 neg-

219 2239 393 2322 legentiam
423 2255 578 2300 excusare
602 2234 743 2314 studeat,
774 2251 836 2294 non
864 2231 1054 2296 dissimilem
1084 2249 1152 2295 esse
1184 2232 1394 2314 epistularum

220 2367 261 2410 ex
285 2345 389 2409 Ponto
413 2343 445 2424 Ι,
478 2345 496 2406 3
529 2343 622 2424 (falso
654 2341 723 2404 illic
750 2341 895 2424 legemus
922 2338 954 2419 Ι,
983 2337 1016 2421 4)
1041 2344 1072 2402 11
1095 2337 1161 2418 ΙΙΙ,
1194 2339 1339 2401 41111111
1363 2345 1394 2402 11

218 2453 359 2537 ingenio.
405 2451 596 2514 Invenimus
616 2455 723 2513 tamen
746 2449 806 2510 hoc
830 2448 864 2509 111
884 2445 1030 2529 epistulis
1054 2445 1094 2508 ad
1113 2445 1268 2509 Rufinum
1292 2446 1393 2508 multo

219 2562 336 2640 minus,
368 2578 464 2642 quam
487 2557 522 2618 in
546 2553 611 2618 illis
635 2557 676 2619 ad
699 2555 838 2618 Brutum
861 2554 978 2634 11111111,
1002 2553 1042 2617 de
1066 2552 1185 2636 quibus
1208 2553 1272 2615 iam
1297 2573 1393 2635 supra
1418 2607 1421 2614 .

221 2668 371 2730 diximus.
417 2665 508 2728 Haec
531 2668 653 2743 11111111,
683 2682 765 2746 quae
798 2667 908 2725 noster
930 2663 965 2724 iu
989 2661 1101 2745 elegiis
1126 2658 1164 2741 V,
1190 2663 1207 2722 7
1233 2665 1265 2724 et
1287 2659 1327 2739 V,
1354 2662 1393 2722 12

223 2771 309 2852 dicit,
333 2794 409 2837 sane
433 2772 472 2836 ad
496 2790 608 2835 omnes
632 2771 751 2833 anneus
775 2769 914 2833 scribere
938 2769 1058 2853 potuit,
1082 2775 1240 2851 quantum
1264 2767 1394 2850 quidem

221 2898 280 2941 nos
303 2878 460 2942 videmus.
506 2878 545 2941 In
569 2878 669 2942 altero
691 2879 780 2940 enim
804 2879 945 2941 carmine
968 2877 1021 2960 (V,
1047 2877 1078 2959 7)
1101 2877 1272 2960 respondet
1290 2877 1393 2938 amico

223 2986 359 3064 cuidam,
384 2985 440 3067 qui
464 2987 493 3048 ei
513 2985 621 3049 Ovidii
645 2986 788 3049 carmina
805 2983 926 3048 Romae
949 2986 1065 3068 plausu
1086 2989 1118 3048 et
1140 2982 1292 3046 laudibus
1311 2983 1394 3046 11111

223 3112 292 3156 1111
322 3093 526 3155 nuntiaverat
556 3093 753 3175 exponitque
785 3094 841 3176 qui
864 3091 935 3172 fiat,
963 3096 1013 3171 111,
1046 3109 1241 3173 quamquam
1265 3109 1329 3153 non
1354 3091 1394 3154 sit

222 3200 342 3284 gloriae
366 3197 520 3282 cupidus,
543 3204 650 3262 tamen
674 3200 744 3263 loco
768 3205 832 3264 11111
862 3219 973 3283 aspero
998 3205 1029 3263 et
1052 3201 1137 3263 inter
1160 3199 1305 3262 homines
1329 3203 1394 3260 tam

222 3308 306 3372 feros
337 3312 368 3370 et
395 3306 534 3370 incultos
566 3308 662 3370 etiam
690 3310 832 3371 carmina
865 3313 1042 3396 componat,
1093 3307 1134 3369 ln
1164 3306 1263 3369 111111
1287 3311 1394 3369 autem

223 3415 326 3498 elegia
350 3413 401 3495 (V,
424 3417 476 3494 12)
494 3415 635 3478 amioum
655 3416 838 3498 alloquitur,
862 3417 1021 3498 quicum,
1045 3421 1081 3478 ut
1099 3411 1297 3477 lacrimabile
1315 3418 1394 3476 tem-

220 3542 282 3605 pus
320 3521 411 3586 exilii
445 3522 550 3584 studio
591 3522 781 3604 oblectaret,
821 3525 854 3586 in
895 3523 1040 3607 epistulis
1074 3523 1141 3584 suis
1178 3521 1394 3584 admonuerat.

221 3627 396 3693 Profitctur
419 3634 526 3691 autem
558 3630 745 3712 »ingenium
770 3650 865 3692 suum
889 3631 986 3713 longa
1008 3629 1159 3713 rubigine
1181 3628 1306 3691 laesum
1330 3634 1392 3690 tor-

221 3755 315 3818 pere«
344 3743 375 3800 et
399 3735 492 3799 valde
516 3755 586 3799 esse
610 3736 820 3800 deminutum.
866 3736 981 3819 Itaque
1012 3737 1155 3800 carmina
1179 3754 1308 3819 quoque
1338 3734 1394 3798 illo

223 3841 292 3904 loco
311 3849 342 3907 et
361 3852 504 3927 tempore
523 3841 614 3906 exilii
634 3845 808 3926 composita
830 3845 920 3927 parvi
945 3863 1013 3908 esse
1038 3844 1243 3908 aestimanda.
1277 3841 1395 3918 Quam-

224 3968 320 4030 quam
338 3970 413 4014 vero
438 3970 532 4015 nemo
556 3950 623 4014 illic
651 3951 706 4032 sit,
730 3951 783 4014 cui
811 3951 928 4034 scripta
952 3971 1010 4014 sua
1033 3952 1139 4035 legere
1162 3951 1275 4034 possit,
1299 3957 1395 4033 atque

222 4057 368 4138 linguam
395 4057 602 4122 vernaculam
635 4057 825 4122 dedidicisse
856 4057 918 4122 sibi
946 4057 1109 4138 videatur,
1131 4063 1239 4120 tamen
1268 4079 1302 4122 se
1331 4078 1395 4121 non

222 4183 316 4248 posse
339 4164 479 4245 retineri,
503 4166 583 4248 quin
607 4167 703 4229 etiam
725 4167 759 4229 in
779 4167 877 4229 exilio
902 4166 1044 4228 earmina
1068 4171 1243 4248 componat.

313 4270 468 4335 Videmus
492 4275 592 4356 igitur
614 4293 690 4337 sane
713 4275 819 4336 inesse
842 4275 876 4335 in
900 4273 950 4335 his
974 4271 1171 4335 carminibus
1191 4272 1395 4355 significatio-

223 4399 288 4461 nes,
308 4400 388 4462 quas
406 4385 476 4444 tum
494 4379 601 4444 Ovidii
621 4382 714 4444 amici
733 4380 853 4444 Romae
871 4381 1057 4464 intellegere
1076 4383 1259 4463 potuerunt,
1278 4379 1395 4462 quibus

1166 4489 1182 4538 4
