3252 4960
742 294 961 354 -34-

264 488 401 550 Achillis
424 486 710 550 familiarissimum
739 488 839 550 fuisse
872 506 912 550 ex
937 485 1069 549 Homeri
1104 460 1300 550 carminibus
1315 489 1337 572 ¹)
1367 511 1440 573 cog-

264 596 354 657 nosci
377 595 460 657 licet.

352 700 467 783 Neque
495 700 624 763 maioris
654 703 810 764 momenti
834 708 880 764 ast
904 703 1035 764 tertium
1063 700 1178 763 Kochii
1204 708 1439 784 argumentum,

264 809 350 890 quod
373 807 473 870 Trist'
488 807 528 887 V,
552 810 624 871 41.
649 811 691 870 35
715 827 796 890 seq:
1214 873 1217 882 ,

423 914 479 977 »Te
502 914 563 977 sibi
588 933 662 977 cum
687 917 797 997 paucis
821 916 968 978 meminit
992 917 1148 977 mansisse
1171 915 1308 998 fidelem,

423 1022 457 1084 Si
480 1041 600 1104 paucos
624 1023 742 1105 aliquis
766 1029 871 1086 tresve
895 1023 1017 1084 duosve
1041 1013 1147 1085 uocat«

263 1129 350 1192 haud
374 1130 546 1192 dissimiles
570 1131 634 1192 sint
658 1148 705 1212 ep.
730 1148 771 1194 011
795 1129 897 1192 Ponto
922 1129 964 1210 H,
989 1133 1006 1192 7
1031 1151 1061 1190 v.
1086 1132 1124 1192 81
1152 1149 1230 1212 seq:

467 1235 548 1298 »Nec
571 1255 629 1298 vos
652 1257 749 1318 parva
774 1237 856 1299 datis
879 1238 974 1319 pauci
998 1237 1116 1299 sola-cia
1139 1236 1241 1317 nobis,

468 1341 612 1417 Quorum
636 1349 776 1425 spectata
801 1349 848 1406 est
871 1363 929 1426 per
951 1344 1034 1406 mala
1059 1349 1169 1407 nostra
1190 1344 1285 1408 fides«

263 1450 402 1513 eundem
434 1451 541 1512 virum
573 1450 828 1532 intellegendum
861 1470 938 1513 esse.
984 1450 1077 1514 Hanc
1107 1456 1214 1514 autem
1245 1455 1437 1518 sententiam

262 1576 328 1619 11011
361 1557 465 1619 solum
493 1557 529 1617 iu
556 1556 708 1619 iristium
739 1556 830 1640 libris
858 1559 986 1640 saepius
1017 1558 1155 1640 legimus
1185 1559 1274 1622 velut
1297 1558 1387 1624 Trist.
1410 1559 1435 1642 1,

263 1666 292 1743 3,
320 1666 359 1726 11)
386 1683 450 1747 seq.
476 1669 506 1726 et
529 1663 589 1744 III,
613 1666 642 1743 5,
666 1666 686 1727 9
711 1683 775 1746 seq.
799 1664 856 1726 sed
880 1666 977 1726 etiam
999 1666 1034 1726 in
1059 1665 1184 1748 epistul.
1209 1684 1251 1728 ex
1266 1664 1368 1728 Ponto
1391 1665 1432 1745 Π,

262 1773 292 1849 3,
310 1791 339 1832 r.
361 1772 403 1834 29
423 1790 487 1852 seq.
508 1771 647 1853 exempli
672 1790 769 1834 causa
792 1771 878 1833 idem
903 1771 942 1834 de
967 1770 1057 1834 Cotta
1081 1771 1253 1834 Messalino
1275 1772 1430 1850 laudatur,

263 1881 298 1939 ut
313 1897 354 1940 ex
372 1878 502 1940 illorum
516 1877 660 1940 locorum
676 1877 887 1940 similitudine
902 1879 984 1940 nihil
1000 1878 1150 1941 concludi
1169 1897 1262 1961 posse
1276 1884 1428 1958 appareat.

350 1984 414 2047 Sed
438 1985 547 2047 nescio
572 2003 612 2046 an
636 1991 764 2048 nostrae
789 1985 910 2068 elegiae
934 2005 1033 2048 sonus
1056 1984 1228 2066 ultimique
1250 2003 1378 2046 versus:

385 2090 461 2153 »Fac
485 2091 589 2171 modo,
613 2096 796 2154 constanter
818 2091 990 2174 profugum
1013 2097 1139 2154 tueare:
1164 2090 1250 2172 quod
1273 2089 1337 2169 ille,
1362 2085 1364 2090 ’

387 2196 450 2272 Qui
474 2197 556 2261 bene
579 2203 610 2260 to
634 2199 732 2278 novit,
755 2218 821 2273 non
844 2205 943 2281 rogat,
967 2200 1035 2282 ipsa
1059 2218 1159 2282 rogo«,

261 2305 377 2368 melius
401 2304 494 2367 nobis
519 2305 738 2368 demonstrent
761 2305 820 2367 hoc
845 2305 880 2366 in
899 2307 1040 2368 carmine
1065 2306 1105 2369 de
1123 2305 1232 2368 Attico
1256 2323 1326 2367 esse
1350 2305 1432 2385 cogi-

261 2412 404 2475 tandum.

350 2518 385 2582 Si
418 2521 504 2582 enim
538 2519 690 2602 epistulas
724 2519 765 2581 ad
796 2520 883 2582 hunc
918 2522 1057 2584 amicum
1091 2537 1132 2581 011
1164 2517 1268 2580 Ponto
1302 2518 1433 2600 scriptas

262 2625 433 2708 diligenter
456 2627 713 2708 consideramus,
736 2647 803 2690 non
826 2646 997 2710 possumus
1021 2645 1139 2710 negare
1163 2645 1216 2688 eas
1240 2625 1434 2687 anxietatem

262 2738 293 2794 01
316 2731 567 2796 sollicitudinem
591 2734 727 2815 spirare,
755 2751 797 2796 ne
819 2735 909 2796 illius
933 2753 1010 2796 cura
1034 2733 1187 2816 languida
1218 2733 1267 2792 sit.
1313 2730 1436 2792 Iterum

262 2843 370 2901 autem
392 2845 488 2921 atque
511 2840 629 2902 iterum
652 2841 797 2903 Atticum
821 2841 1025 2921 adhortatur,
1060 2847 1095 2902 ut
1126 2856 1251 2920 semper
1273 2835 1435 2899 infelicem

262 2945 404 3008 sodalem
427 2952 532 3008 servet
556 2951 586 3010 et
610 2948 640 3010 ei
664 2952 864 3010 constantem
888 2947 986 3011 fidem
1004 2945 1163 3028 praebeat.
1209 2943 1324 3025 Itaque
1343 2943 1435 3003 initio

265 3053 353 3133 epist.
378 3052 419 3133 Il,
444 3055 656 3116 4011111100
681 3055 820 3136 quaerit:
1274 3121 1276 3126 ,

421 3159 561 3242 »Ecquid
585 3161 690 3224 adhuc
713 3179 860 3224 remanes
883 3178 1007 3222 memor
1029 3159 1169 3223 infelicis
1194 3156 1297 3236 1111101,

424 3265 550 3330 Deserit
573 3288 614 3331 an
638 3268 737 3350 partis
761 3266 916 3348 languida
941 3285 1017 3329 cura
1042 3267 1141 3329 suas?

423 3373 497 3436 Non
519 3375 563 3437 ita
586 3373 628 3436 Di
651 3374 730 3435 mihi
754 3379 829 3436 sunt
853 3375 968 3455 tristes,
991 3379 1028 3437 ut
1052 3374 1181 3436 credere
1203 3373 1333 3456 possim,

423 3479 549 3564 Fasque
572 3487 683 3565 putem
706 3482 771 3543 iam
793 3487 826 3544 te
850 3501 914 3544 non
939 3482 1125 3544 meminisse
1148 3481 1226 3542 mei«

265 3592 296 3648 et
318 3586 383 3649 fine
407 3589 557 3666 canninis
581 3588 673 3650 illum
698 3588 893 3670 alloquitur:

468 3693 531 3757 »Ne
554 3701 663 3757 tamen
686 3695 765 3758 haec
790 3696 854 3758 dici
877 3696 978 3779 possit
1001 3695 1120 3757 fiducia
1145 3692 1284 3756 mendax

469 3801 637 3882 Stultaque
662 3802 835 3865 credulitas
859 3808 966 3866 nostra
991 3801 1106 3880 fuisse,
1130 3817 1216 3878 care,

470 3906 701 3990 Constantique
724 3908 787 3972 fide
811 3916 952 3972 veterem
976 3914 1080 3971 tutare
1104 3905 1256 3984 sodalem,

471 4013 540 4089 Qua
564 4015 639 4078 licet
662 4019 695 4078 et
719 4022 877 4098 quantum
901 4035 967 4077 non
991 4032 1147 4077 onerosus
1171 4031 1248 4075 ero«

265 4122 374 4204 Atque
396 4123 430 4184 in
456 4122 555 4186 altera
579 4123 681 4206 elegia
700 4124 817 4186 11011111
840 4124 1024 4204 interrogat,
1047 4140 1126 4182 num
1147 4120 1188 4181 sit
1207 4120 1302 4181 etiam
1322 4116 1440 4180 sodalis

338 4351 454 4420 ¹)11iad.
475 4356 504 4416 u,
525 4356 584 4405 010.
