3252 4960
658 387 878 447 -p5..

179 564 313 622 matrem
325 579 428 638 suam,
446 547 556 622 Atiam
567 563 733 643 minorem,
749 583 823 626 cum
833 565 974 647 Augusti
984 565 1107 629 familia
1116 569 1353 652 propinquitate

111 667 113 674 ’
180 675 247 730 erat
271 668 451 729 coniuncta.
500 665 603 742 Quam
628 669 666 731 ad
690 687 758 732 rem
783 676 905 752 spectat
929 669 1064 735 Ovidius
1093 675 1125 736 in
1156 676 1281 757 epistul.
1313 696 1353 738 ex

179 773 282 836 Ponto
306 773 331 842 L
355 775 384 835 2.
409 795 437 834 ν.
465 776 526 838 137
552 793 652 858 seqq:

224 915 331 978 »Hane
355 916 468 1000 probat
492 923 523 980 et
546 919 649 1000 primo
674 918 823 982 dilectam
847 939 973 1002 semper
997 919 1035 984 ab
1062 942 1140 986 aero

225 1023 284 1086 Est
306 1025 390 1086 inter
413 1025 546 1086 comites
569 1023 690 1087 Marcia
714 1045 809 1089 censa
833 1046 915 1106 suaa,
1149 1006 1152 1011 ’

225 1131 330 1214 Inque
355 1131 421 1192 suis
445 1130 557 1194 habuit
580 1136 750 1195 matertera
775 1131 919 1218 Caesaris
943 1141 1029 1198 ante:

226 1236 371 1314 Quarum
390 1238 510 1300 iudicio
531 1240 558 1300 si
579 1259 642 1320 qua
665 1239 806 1321 probata,
829 1240 929 1324 proba
953 1249 1018 1311 est«
1041 1248 1072 1306 et
1095 1241 1176 1306 Past.
1203 1243 1257 1332 Vl,
1282 1245 1354 1306 802.

181 1383 295 1464 ltaque
319 1381 412 1444 facile
440 1381 669 1464 intellegimus,
693 1402 751 1444 cur
773 1382 894 1446 Marcia
913 1383 1032 1452 Liviae.
1065 1384 1206 1468 Augusti
1235 1388 1355 1452 uxoris.

181 1492 296 1554 intima
319 1489 424 1552 fuerit.
472 1486 576 1563 Quam
601 1488 803 1552 familiariter
826 1497 934 1554 autem
958 1490 1092 1554 Paullus
1111 1490 1229 1556 Fabius
1252 1491 1356 1554 Maxi-

182 1617 255 1660 mus
273 1597 423 1680 Augusto
444 1615 523 1658 usus
547 1596 597 1676 sit,
620 1597 740 1682 optime
759 1616 799 1659 ex
819 1615 865 1677 ec,
890 1597 976 1678 quod
996 1597 1035 1660 de
1057 1604 1160 1661 morte
1178 1598 1276 1662 huius
1295 1601 1356 1661 riri

183 1705 327 1770 traditur,
355 1709 492 1786 apparet.
532 1701 612 1766 Cum
633 1705 720 1766 enim
741 1704 909 1786 Augustus
930 1722 971 1766 ex
991 1704 1105 1768 itinere
1124 1705 1189 1785 illo,
1210 1706 1295 1788 quod
1317 1708 1356 1769 ad

163 1811 354 1874 ¹uisendum
369 1811 546 1894 Agrippam
566 1810 756 1873 Postumum
776 1816 923 1892 nepotem
937 1809 1119 1874 Planasiam
1139 1814 1357 1896 susceperas),

185 1924 216 1980 et
239 1919 273 1978 in
299 1937 371 1998 quo.
395 1923 431 1978 ut
454 1919 517 1978 iam
537 1937 633 2000 supra
653 1917 807 1991 diximus
825 1915 944 1980 Fabius
963 1935 1037 1980 eum
1057 1937 1162 1980 eomes
1185 1939 1272 1982 unus
1291 1927 1358 1983 erat

185 2028 388 2106 prosecutus,
419 2021 553 2086 Romam
576 2042 725 2086 reversus
755 2029 853 2103 esset,
884 2022 1003 2086 Fabius
1036 2023 1190 2088 Marciam
1222 2046 1357 2090 uxorem

187 2131 355 2220 certiorem
413 2129 488 2192 fecit
548 2131 586 2194 de
638 2130 835 2214 benignitate
884 2135 914 2192 et
966 2129 1202 2211 benevolentia,
1262 2153 1357 2216 quam

187 2234 303 2298 Caesar
327 2254 402 2318 erga
429 2243 577 2320 nepotem
604 2239 804 2320 praestiterat
812 2239 845 2316 ⁴2).
893 2235 985 2311 Quod
1014 2237 1070 2300 illa
1093 2237 1203 2303 Liviae
1227 2242 1358 2323 aperuit.

185 2341 275 2438 Haec
294 2347 401 2406 autem
419 2343 605 2426 Augustum
624 2345 832 2428 appellans),
853 2345 918 2425 qui,
937 2363 1011 2406 cum
1030 2344 1069 2407 de
1088 2344 1185 2408 Fabio
1205 2347 1359 2428 suspicio-

183 2469 258 2513 nem
286 2450 424 2530 habereq
453 2451 500 2513 illi
530 2458 577 2514 est
608 2453 750 2531 iratusll.
797 2451 911 2533 ltaque
942 2469 1015 2513 cum
1038 2450 1172 2514 Paullus
1196 2451 1358 2516 Maximus

185 2559 292 2640 paullo
315 2564 424 2641 postea
449 2558 534 2620 diem
554 2557 656 2622 obiret
674 2577 869 2642 supremum,
889 2577 963 2621 eum
981 2557 1043 2620 sibi
1062 2577 1193 2621 manum
1212 2559 1359 2622 intulisse

183 2665 340 2748 putabant
368 2666 405 2747 (ja.
432 2686 460 2747 p.
486 2664 556 2729 Chr.
584 2667 645 2744 14).
692 2665 731 2728 ld
754 2672 860 2728 autem
884 2671 1024 2748 tempore
1048 2667 1132 2728 inter
1164 2684 1238 2728 eum
1267 2666 1359 2746 diem,

187 2773 242 2853 qui
265 2772 326 2834 fuit
356 2772 458 2854 pridie
488 2771 566 2834 Idus
594 2770 696 2836 Maias
720 2778 751 2835 et
780 2773 865 2835 diem
893 2771 975 2834 XIV
999 2771 1154 2836 Calendas
1183 2771 1357 2854 Septembr.

185 2877 302 2941 iactum
323 2899 401 2959 esse,
420 2880 491 2942 ideo
511 2881 582 2942 iure
601 2881 746 2942 conicere
765 2899 945 2962 possumus
971 2880 1057 2962 quod
1075 2880 1130 2942 illo
1156 2879 1206 2942 die
1225 2878 1359 2941 Paullus

185 3059 333 3066 ——..-.....-.
344 3061 396 3065 .-....

186 3182 279 3234 autem
297 3179 451 3234 Boeckhius
478 3197 539 3233 oum
563 3181 592 3232 in
613 3181 640 3235 C.
660 3181 684 3234 J.
706 3181 749 3234 Gr.
769 3179 822 3234 rol.
841 3179 868 3232 Π
886 3195 947 3248 pag.
967 3183 1018 3232 442
1042 3179 1090 3232 hos
1109 3179 1176 3232 duos
1194 3178 1223 3231 L.
1243 3177 1359 3232 Marcios

185 3268 324 3338 Philippos
349 3269 489 3322 confundit
518 3272 546 3323 et
569 3271 649 3337 putat
672 3269 830 3338 Philippum
854 3271 959 3337 patrem
981 3267 1114 3336 Marciae,
1142 3281 1203 3322 cum
1226 3266 1301 3321 illam
1326 3283 1359 3319 ex

186 3358 239 3412 alio
256 3355 383 3436 coniugio
402 3359 549 3428 genuisset⁷
568 3374 682 3412 uxorem
695 3359 805 3412 duxisse
817 3361 932 3412 matrem
946 3356 1097 3424 Octaviani,
1116 3357 1210 3410 Atiam
1222 3355 1358 3408 maiorem.

260 3466 278 3531 ¹)
303 3466 336 3519 de
364 3466 446 3519 huius
476 3465 584 3518 itineris
614 3482 696 3520 causa
722 3465 888 3520 Plutarchus
917 3465 935 3518 l.
960 3482 982 3518 c.
1008 3463 1076 3518 haec
1102 3465 1192 3518 affert:
1228 3458 1360 3531 Φοόλβιος

186 3554 215 3608 δὲ
235 3553 248 3608 ὁ
269 3554 403 3622 Καίσαρος
422 3549 525 3622 ἑταῖρος
543 3558 588 3608 τοῦ
610 3557 764 3625 Σεβαστοῦ,
785 3556 905 3624 γέροντος
927 3553 981 3622 ἤδη
1000 3550 1138 3623 γεγονότος
1157 3549 1276 3612 ἀκούσας
1298 3549 1359 3604 ὀδυ-

186 3644 295 3712 ρομένου
308 3642 355 3712 τὴν
368 3642 428 3711 περί
447 3641 493 3696 τὸν
507 3635 536 3698 σί
539 3662 584 3698 κον
604 3644 724 3711 ἐρημίαν,
745 3644 790 3698 καί
810 3642 851 3698 ότι
870 3647 921 3698 τῶν
941 3641 987 3711 μὲν
1007 3645 1076 3696 δυοῖν
1096 3643 1258 3711 ἣνγατριδῶν
1278 3638 1359 3692 αότοῢ

186 3731 372 3800 ἀπολωλότων,
394 3734 565 3802 Ποστουμίου
584 3731 622 3801 δὲ,
643 3730 673 3794 ὃς
693 3733 730 3786 ἔτι
749 3731 839 3794 λοιπός
859 3733 941 3799 ἐστιν,
962 3733 991 3786 ἐκ
1011 3734 1137 3802 διαβολῆς
1156 3748 1223 3791 τινος
1243 3729 1267 3783 ἐν
1286 3727 1358 3797 φυγῇ

188 3821 270 3890 ὄντος,
289 3820 467 3891 ἀναγκάζεται
486 3822 531 3876 τὸν
551 3826 600 3890 τῆς
618 3821 742 3891 γυναικὸς
767 3819 828 3876 υἱόν
848 3820 994 3892 ἐπεισάγειν
1007 3825 1041 3891 τῇ
1063 3823 1174 3890 διαδοχῇ
1196 3823 1243 3888 τῆς
1261 3817 1359 3887 ἡγεμο-

187 3913 255 3979 νίας,
275 3913 369 3979 καίπερ
390 3911 523 3979 οἰκτείρων
543 3912 587 3965 κοιλ
608 3908 797 3981 βουλευόμενος
818 3911 846 3966 ἐκ
865 3915 913 3979 τῆς
932 3907 1074 3977 ὑπερορίας
1098 3906 1291 3962 ἀνακαλεῖσθαι
1314 3907 1359 3960 τόν

187 4003 367 4069 θυγατριδοῦν.

259 4108 279 4175 a)
298 4109 380 4162 Tacit.
400 4111 470 4162 Ann.
489 4107 511 4175 1,
533 4114 559 4162 a:
578 4109 695 4163 »Multas
714 4108 772 4164 illie
785 4109 923 4176 utrimque
941 4105 1069 4160 lacrimas
1089 4108 1116 4158 et
1134 4105 1213 4174 signa
1226 4103 1360 4170 caritatis,

186 4215 315 4268 spemque
335 4215 368 4251 ex
387 4214 431 4265 eo,
450 4199 518 4264 lore,
538 4200 569 4251 ut
587 4199 697 4252 iuvenis
716 4197 901 4266 penetralibus
920 4196 966 4271 avi
985 4194 1165 4248 redderetur«

258 4306 279 4367 ³}
299 4305 437 4360 Plutarch.
457 4305 474 4359 l.
494 4305 512 4358 l.

258 4417 280 4472 *λ
299 4413 381 4468 Tarii.
402 4411 418 4463 l.
438 4411 460 4464 l:
480 4429 594 4480 gnarum
612 4413 641 4466 id
660 4412 776 4466 Caesari.
