3252 4960
553 277 946 336 .-31-.

152 457 193 520 llt
219 457 269 518 hio
295 473 424 538 quoque
453 452 596 516 Caesaris
625 453 825 515 clementiam
855 451 1031 532 collaudat,
1063 456 1172 533 utpote
1197 451 1252 532 qui
1276 471 1325 512 ro-

152 565 242 648 ganti
274 583 340 624 non
371 567 573 640 succenseat,
607 559 663 622 sed
697 559 782 641 ipsos
815 559 846 619 in
886 558 993 621 hostes
1027 559 1136 620 mitem
1176 557 1325 640 praebeat

154 671 312 734 animum:

296 776 384 839 ‘allle
409 775 497 854 deus,
521 774 602 837 bene
626 794 689 855 quo
713 771 858 834 Romana
881 773 1024 853 potentia
1047 772 1124 834 nixa
1149 777 1204 837 est.

219 957 221 964 ¹
305 882 405 965 Saepe
429 901 487 944 suo
513 882 614 944 vietor
637 881 718 942 leuis
742 881 775 940 iu
800 879 890 942 hoste
914 878 982 941 fuit.

306 989 390 1066 Quid
415 988 542 1052 dubitas
566 994 598 1051 et
620 992 689 1050 tuta
712 981 829 1050 times?
854 985 970 1049 aceede
993 1004 1148 1068 rogaque:

306 1096 439 1160 Caesare
462 1095 509 1157 nil
532 1097 648 1178 ingens
671 1095 781 1156 nntius
805 1093 892 1156 orbis
915 1091 1029 1155 habet«

155 1211 186 1268 et
211 1209 336 1268 enarrat
359 1223 391 1290 u
408 1204 450 1264 22
475 1221 561 1284 seqq.
585 1220 702 1284 magna
721 1200 888 1282 multaque
913 1199 1004 1280 mala,
1030 1199 1147 1282 quibus
1170 1199 1204 1259 in
1229 1197 1326 1260 exilio

155 1317 325 1394 prematur.
371 1308 539 1372 Praeterea
563 1316 671 1371 autem
695 1307 736 1371 ad
755 1305 935 1370 Maximum
960 1307 1122 1388 aptissime
1145 1306 1328 1368 referuntur

154 1417 254 1482 verba
276 1418 332 1480 illa
354 1435 435 1479 vers.
460 1418 519 1479 39:

178 1524 248 1588 »Me
271 1524 444 1587 miserum!
471 1522 550 1604 quid
568 1543 670 1605 agam,
694 1523 721 1584 si
745 1522 893 1604 proxima
914 1538 1061 1603 quaeque
1080 1520 1306 1600 relinquunt?«

158 1633 275 1714 quippe
299 1651 362 1713 quo
387 1649 481 1692 nemo
506 1631 541 1690 in
564 1629 644 1692 urbe
669 1649 744 1692 earm
767 1633 875 1690 nostro
899 1627 1040 1689 iunctior
1062 1627 1167 1688 fuerit.

244 1736 462 1801 inscribemus
485 1737 593 1818 igitur,
618 1740 775 1817 quantum
799 1733 892 1797 nobis
915 1733 1052 1812 videtur,
1076 1753 1141 1796 nou
1165 1733 1234 1796 sine
1257 1753 1328 1816 pro-

155 1845 319 1909 babilitate
342 1844 426 1905 hanc
451 1861 578 1924 quoque
603 1843 737 1924 elegiam
761 1841 874 1902 Paullo
898 1839 996 1902 Fabio
1020 1838 1170 1903 Maximo.

245 1950 289 2010 At
319 1948 396 2010 haec
424 1947 597 2025 hactenus3
630 1967 828 2030 exponamus
856 1966 959 2026 nilne,
993 1965 1150 2027 quaenam
1177 1945 1328 2008 Tristium

157 2054 278 2134 elegiae
302 2054 342 2116 ad
366 2054 510 2116 Atticum
535 2055 706 2118 videantur
729 2073 798 2116 esse
822 2055 945 2115 missae.

653 2445 835 2528 tattaeus.
937 2391 940 2402 ’

247 2625 347 2686 Attici
381 2622 435 2686 ubi
470 2625 555 2707 apud
589 2623 742 2687 Ovidium
765 2627 885 2688 mentio
915 2626 986 2706 fiat,
1018 2625 1056 2688 de
1080 2623 1189 2688 Curtio
1213 2625 1330 2705 Attico,

157 2751 253 2810 quem
272 2730 400 2794 Tacitus
425 2731 551 2794 duobus
575 2732 653 2793 locis
673 2738 909 2813 commemorat
933 2733 1140 2817 cogitandrun
1160 2751 1228 2796 csse
1247 2734 1331 2794 iuter

158 2854 268 2897 omnes
292 2840 376 2900 viros
401 2839 510 2901 doctos
535 2839 694 2916 constatl).
732 2836 835 2912 Quem
854 2839 1078 2902 familiaritatis
1101 2839 1231 2902 uinculo
1256 2858 1330 2902 cum

157 2942 300 3024 Augusti
325 2943 418 3007 domo
442 2947 647 3027 maximeque
671 2964 745 3006 cum
768 2943 894 3007 Tiberio
927 2944 1027 3008 fuisse
1056 2947 1265 3008 coniunctum
1289 2965 1328 3008 ex

158 3067 195 3111 eo
215 3048 441 3131 intellegimus,
461 3053 546 3133 quod
565 3072 651 3115 unus
671 3071 712 3115 ex
732 3058 799 3114 arto
820 3051 973 3114 comitatu
991 3052 1061 3132 fuit,
1081 3071 1221 3134 quocum
1239 3051 1330 3114 libe-

158 3157 225 3218 rius
251 3153 386 3238 Capreas
410 3158 570 3240 profectus
594 3166 648 3222 est.
682 3158 805 3222 Eodem
825 3160 904 3240 loco,
929 3178 992 3241 quo
1017 3158 1095 3222 haec
1114 3160 1219 3240 tradit,
1242 3158 1331 3222 Taci-

158 3269 210 3325 tus
244 3281 317 3326 eum
348 3265 489 3345 equitem
520 3263 701 3328 Romanum
733 3285 774 3329 ex
803 3265 982 3330 illustribus
1016 3267 1154 3350 appellat
1164 3266 1196 3348 2).
1243 3264 1328 3329 Num

158 3375 266 3433 autem
300 3389 316 3432 e
342 3376 437 3452 gente
469 3370 646 3453 Pomponia
680 3380 767 3434 ortus
800 3392 874 3435 oum
907 3373 939 3435 C.
963 3372 1140 3457 Pomponio
1174 3372 1330 3436 Graeciuo

159 3479 292 3559 eiusque
311 3477 407 3540 fratre
426 3475 459 3538 L.
479 3477 655 3560 Pomponio
676 3477 788 3540 Flacco
812 3479 967 3542 affinitate
987 3481 1178 3554 coniunctus
1197 3479 1330 3562 fuerit³)‚

230 3689 249 3752 1)
263 3689 295 3742 cf.
310 3689 500 3757 Nipperdey
519 3689 553 3742 ad
565 3688 648 3744 Tacit.
666 3691 734 3742 Anu.
746 3689 793 3755 IV,
808 3685 854 3742 58(
879 3689 994 3759 Pauly.
1015 3691 1117 3758 cneycl.
1138 3709 1159 3743 s,
1173 3709 1198 3744 v,
1213 3690 1329 3743 Fried—

157 3775 307 3830 laender:
326 3777 458 3832 Recensio
471 3781 522 3832 etc.
536 3777 859 3847 pag.3=Sittengesel1.
874 3779 887 3830 Ι
899 3795 958 3848 pag.
973 3784 1032 3833 201.
1058 3779 1143 3833 Koch.
1156 3780 1173 3832 l.
1187 3779 1204 3833 l.
1219 3797 1276 3849 pag.
1290 3783 1329 3834 17.

229 3866 249 3935 Ξ)
273 3867 377 3921 Tacit.
398 3871 467 3920 Anu.
491 3867 542 3935 Ν,
564 3872 609 3922 58:
637 3866 770 3921 Profectio
790 3869 848 3921 arto
868 3870 1000 3922 comitatu
1025 3869 1094 3922 luit:
1123 3886 1194 3922 unus
1224 3872 1331 3922 senator

159 3956 301 4010 consulatu
327 3959 451 4024 lunctuS‚
477 3957 607 4011 Cocceius
625 3957 733 4024 Nea-a,
763 3957 808 4010 cui
831 3957 923 4027 legum
941 3959 1056 4026 peritia.
1083 3973 1166 4026 eques
1193 3958 1330 4012 Romanus

158 4045 264 4108 praeter
276 4045 403 4100 Seianum
427 4063 460 4100 ex
479 4045 633 4100 illustribus
652 4047 763 4099 Curtius
789 4047 913 4114 Atticus,
941 4048 1025 4100 ceteri
1048 4047 1206 4101 liberalibus
1230 4047 1330 4100 studiis

158 4131 285 4198 praediti,
305 4134 387 4188 ferme
406 4135 513 4203 Graeci,
534 4153 647 4204 quorum
667 4137 835 4191 sermonibus
853 4137 996 4190 levaretur.

230 4221 250 4288 1)
270 4224 301 4274 ut
335 4228 446 4278 censent
471 4225 678 4280 Woellelius
711 4227 740 4279 in
774 4227 890 4280 version.
919 4242 959 4292 ep.
989 4243 1022 4277 cx
1050 4225 1079 4278 P.
1111 4242 1169 4294 pag.
1199 4229 1268 4278 2202
1304 4229 1331 4278 et

158 4307 417 4378 Hertzbergius
436 4315 465 4366 in
486 4317 599 4370 version.
620 4319 709 4370 Amor.
730 4333 788 4384 pag.
812 4320 886 4369 1414.
