3252 4960
462 847 648 930 Paullus
676 846 838 928 Fabius
866 846 1101 928 Maximus..

284 1081 318 1156 Q.
358 1080 476 1144 Fabius
516 1079 550 1154 Q.
588 1078 620 1141 F.
662 1077 696 1154 Q.
735 1077 773 1139 N.
817 1077 980 1140 Maximus
992 1081 1030 1156 Ι),
1072 1078 1159 1152 filius
1201 1077 1235 1153 Q.
1276 1078 1367 1142 Fabii

193 1189 337 1266 Maximi.
371 1189 426 1270 qui
460 1186 494 1262 Q.
528 1186 625 1250 Fabio
658 1185 864 1268 Allobrogico
901 1189 996 1247 natus
1029 1204 1045 1246 e
1078 1185 1175 1267 stirpe
1208 1183 1243 1260 Q.
1275 1185 1367 1248 Fabii

194 1296 368 1359 Aemiliani
399 1301 487 1358 ortus
521 1299 595 1372 erat,
620 1311 703 1354 anno
735 1312 766 1354 u.
791 1311 815 1354 e.
841 1293 904 1354 695
936 1311 1009 1354 oum
1033 1290 1065 1354 C.
1090 1290 1223 1354 Caninio
1249 1290 1370 1373 Gallo²)

195 1402 227 1466 C.
257 1402 450 1479 Antonium,
482 1401 538 1482 qui
569 1419 585 1462 e
615 1398 803 1462 Macedonia
835 1404 901 1461 erat
931 1417 1087 1479 reversus,
1117 1399 1367 1482 repetundarum

194 1509 363 1573 accusavit.
411 1505 515 1582 Quem
538 1508 645 1568 virum
669 1504 807 1586 ciceron
831 1506 964 1567 sunnnis
988 1510 1079 1568 ornat
1102 1504 1261 1586 laudibus,
1294 1527 1367 1569 oum

104 1605 105 1608 ¹
195 1617 284 1679 dioit:
316 1613 426 1678 »Dices
453 1613 701 1676 familiaritatem
732 1610 791 1675 tibi
813 1613 913 1675 i'uisse
937 1632 1011 1674 curn
1035 1610 1070 1686 Q.
1093 1611 1191 1674 Fabio
1215 1612 1366 1675 Maximo.

192 1723 363 1787 Praeclara
386 1721 527 1784 defensio
551 1719 701 1782 facinoris
721 1720 777 1781 tui.
824 1717 854 1781 N
856 1739 907 1782 am
930 1717 1066 1782 Maximi
1090 1718 1221 1802 quidem
1244 1740 1368 1783 sunmra

194 1833 266 1893 laus
294 1835 351 1909 est,
383 1829 519 1911 sumptis
551 1825 743 1904 inimicitiis7
776 1831 922 1908 suscepta
946 1845 1051 1906 eausa,
1085 1827 1262 1908 quaesitore
1295 1848 1370 1890 eon·
1476 1839 1477 1842 ’

196 1938 334 2018 silioque
383 1935 504 1998 delecto
556 1933 803 1997 commodiorem
852 1933 984 1994 inimioo
1036 1953 1093 1995 suo
1149 1934 1370 1998 condicionem

196 2042 379 2106 reiectionis
414 2041 490 2104 dare
522 2041 673 2104 noluisse.
725 2039 814 2102 Nihil
845 2037 1008 2101 Maximus
1037 2038 1112 2102 feeit
1145 2042 1287 2105 alienum
1315 2049 1370 2104 aut

198 2169 256 2212 sua
279 2150 398 2211 virtute
422 2154 476 2210 aut
500 2147 564 2210 illis
587 2147 666 2208 viris
690 2147 884 2225 clarissimis
907 2144 1039 2228 Paullis,
1063 2144 1223 2228 Maximis,
1247 2149 1372 2211 Africa-

197 2258 256 2334 nis,
281 2275 419 2338 quorum
442 2255 578 2338 gloriam
600 2253 697 2316 huius
720 2253 840 2316 virtute
859 2258 1044 2316 renovatam
1068 2273 1134 2316 non
1152 2253 1246 2318 modo
1267 2274 1372 2338 spera·

197 2381 287 2443 mus,
316 2362 551 2425 verumetiam
582 2362 646 2424 iarn
669 2361 841 2423 ridemus«
890 2358 989 2422 Huno
1019 2367 1126 2424 autem
1156 2363 1262 2424 virum
1287 2382 1372 2424 anno

197 2491 228 2534 u.
253 2490 278 2532 e.
304 2471 377 2550 698,
401 2489 476 2532 eurn
500 2467 610 2532 Oioero
635 2469 669 2529 in
694 2465 862 2531 Vatinium
891 2468 1111 2530 testimonium
1135 2468 1267 2549 diceret,
1299 2470 1372 2532 aed-

197 2578 274 2640 ilem
298 2577 446 2638 curulem
457 2577 482 2654 ⁴)
513 2575 629 2654 fuisse.
659 2574 712 2636 rel
735 2573 843 2656 paullo
874 2581 991 2656 postea,
1023 2579 1053 2636 et
1077 2593 1187 2637 areum
1212 2577 1374 2658 quendam

198 2683 317 2747 Romae
340 2683 520 2746 restituisse
544 2681 762 2743 Mommsenus
786 2681 945 2759 eonieit5).
983 2679 1108 2744 Deinde
1127 2701 1210 2744 anno
1230 2703 1297 2746 ue.
1311 2686 1394 2748 tos.

200 2810 274 2852 oum
298 2787 333 2864 Q.
358 2788 458 2852 Pedio
482 2789 606 2871 legatus
631 2786 775 2850 Caesaris
799 2789 957 2850 exercitui
987 2789 1021 2849 in
1050 2787 1207 2872 Hispania
1237 2792 1375 2872 praefuit

202 2901 232 2957 et
261 2897 296 2956 in
322 2915 431 2978 pugna
462 2895 501 2957 ad
531 2893 687 2958 Mundam
719 2895 889 2956 commissa
929 2914 1046 2976 magna
1075 2897 1194 2960 virtute
1222 2896 1373 2976 florium).
1401 2943 1403 2946 -

199 2987 316 3063 Postea
349 3001 387 3063 ab
421 3007 574 3064 autumno
608 3002 753 3065 eiusdem
785 3003 861 3063 anni
895 2999 955 3063 sub
980 3001 1067 3063 illius
1097 3004 1230 3086 imperio
1264 3012 1375 3067 eontra

201 3107 391 3190 Pompeium
413 3108 519 3191 ipsum
542 3110 699 3192 pugnavit
710 3109 742 3190 ⁷).
782 3106 898 3170 Caesar
916 3115 1032 3188 autern,
1056 3128 1129 3170 eum
1148 3110 1230 3173 illud
1253 3111 1376 3174 bellum

201 3220 285 3278 esset
302 3214 431 3277 finitum
454 3214 564 3297 (mens.
585 3215 761 3299 Septembr.
784 3215 869 3297 709).
893 3214 927 3291 Q.
947 3215 1045 3278 Fabio
1066 3215 1208 3280 Maximo
1229 3219 1375 3282 consula-

154 3383 156 3387 .
200 3327 271 3384 tum
290 3340 365 3389 oum
384 3320 415 3383 O.
434 3321 590 3386 Trebonio
609 3325 807 3406 promeritis
828 3323 896 3386 eius
916 3323 955 3386 ab
975 3325 1107 3386 ineunte
1131 3344 1228 3387 mens.
1250 3323 1376 3387 Octobr.

276 3603 294 3671 ¹)
313 3605 378 3658 fasti
398 3622 450 3658 eos.
470 3605 669 3674 Capitoliniad
689 3622 712 3659 a.
733 3609 784 3659 709
804 3629 839 3648 2:
858 3605 885 3657 (l.
905 3605 929 3658 J.
950 3605 979 3658 L.
1000 3607 1020 3658 Ι.
1041 3623 1100 3674 pag.
1122 3610 1180 3658 -1-10.

273 3692 463 3759 ²)Drun1ann.
502 3693 666 3748 Gesolriohte
684 3693 741 3747 u’s
760 3693 781 3758 Ι,
802 3710 860 3762 pag.
882 3699 942 3747 539.

274 3781 295 3845 ³)
315 3785 380 3834 orat.
401 3783 430 3834 in
449 3783 591 3836 Vatinium
610 3783 660 3848 ΧΙ,
680 3787 722 3836 28.
1203 3849 1210 3856 .

274 3872 296 3938 ⁴)
316 3870 342 3923 C.
362 3871 385 3922 J.
405 3871 434 3924 L.
455 3872 507 3925 vol.
526 3872 547 3938 Ι,
566 3889 592 3924 n.
613 3875 677 3925 606:
697 3871 741 3936 »Q
760 3870 861 3924 Fabius
882 3871 911 3936 Q.
944 3914 949 3924 .
969 3873 1128 3926 llaxsuurus
1149 3874 1205 3926 aed.
1227 3891 1282 3928 eur.
1302 3881 1381 3928 rest«

204 3962 238 4011 et.
258 3976 283 4011 n.
305 3963 369 4013 607:
389 3959 465 4013 »aaa
486 3959 515 4025 Q.
536 3961 552 4012 f.
573 3960 734 4014 Maxsumus
754 3961 812 4014 aed.
833 3977 902 4014 erun«

276 4049 297 4115 ⁵)
317 4048 344 4102 O.
364 4048 388 4101 J.
409 4048 438 4101 L.
459 4049 510 4102 vol.
530 4049 551 4116 Ι,
571 4066 629 4118 pag.
654 4053 710 4104 178.

277 4137 296 4204 ⁶)
316 4137 378 4190 bell.
391 4136 503 4205 Hispan.
523 4139 562 4191 ll:
581 4138 700 4204 »Quibus
713 4139 794 4192 rebus
809 4139 952 4206 adductus.
972 4155 1038 4206 quos
1051 4139 1154 4209 legatos
1168 4145 1232 4195 ante
1245 4143 1378 4196 exercitui

203 4225 378 4294 praefecerat,
393 4225 422 4291 Q.
436 4227 551 4280 Pedium
564 4230 592 4280 et
605 4227 635 4292 Q.
650 4227 863 4284 Maxinrurn.‘de
883 4245 931 4281 sun
951 4228 1070 4282 adventu
1089 4230 1154 4283 iacit
1173 4232 1313 4284 certiores«
1326 4235 1379 4284 ate.

277 4316 298 4382 7)
318 4313 379 4367 bell.
400 4315 478 4384 Hisp.
501 4333 522 4369 e.
543 4316 614 4369 XLI.

1134 4409 1170 4462 ⁸2*
