3252 4960
633 339 674 346 —
722 304 763 363 33
812 339 852 347 -

158 505 185 543 v.
202 486 238 544 13
256 501 342 564 seqq.
359 485 489 563 apparet
504 480 598 542 illum
613 481 756 562 poeticae
772 481 849 543 artis
869 481 1118 543 scientissimum
1135 485 1167 544 et
1179 481 1333 563 peritissi-

160 610 247 652 mum
272 589 372 651 fuisse
397 596 428 650 et
452 586 604 649 Ovidium
629 606 723 670 saepe
747 588 889 650 carmina
908 607 980 666 sua,
1010 588 1199 669 priusquam
1227 585 1333 670 publi-

159 701 315 776 carentur,
338 694 458 756 iudicio
482 695 577 756 amici
602 695 816 776 supposuisse.

248 802 321 864 dam
346 820 439 882 vero,
473 801 499 862 si
524 802 723 882 quaerimus,
755 819 913 882 quaenam
937 799 1088 863 iristium
1113 802 1234 884 elegiae
1258 802 1334 863 huic

160 910 262 972 amico
296 906 519 970 inscribendae
552 927 622 970 esse
653 908 839 989 videantur,
878 909 1017 990 primum
1051 908 1138 970 haud
1175 910 1283 991 inepte
1316 927 1334 970 a

161 1015 283 1077 Kochio
306 1015 325 1076 l.
349 1016 369 1076 l.
393 1035 465 1097 pag,
492 1018 540 1077 17.
566 1015 627 1078 ele
635 1035 664 1098 g.
689 1015 728 1095 V,
751 1018 772 1077 4
796 1015 903 1078 Attico
927 1013 1025 1077 tribui
1052 1015 1267 1078 concedimus

250 1122 302 1183 Ad
333 1122 421 1183 hunc
444 1123 529 1184 enim
560 1123 666 1184 virrun
697 1123 849 1185 ridentur
881 1127 1024 1205 spectare
1053 1122 1151 1184 huius
1184 1123 1335 1184 carminis

162 1249 188 1288 v.
213 1231 254 1291 27
280 1248 362 1310 seq:

321 1333 401 1396 »Nec
425 1337 560 1418 patriam
583 1337 688 1418 magis
712 1337 766 1398 ille
791 1356 881 1398 suam
906 1336 1066 1399 desiderat
1091 1341 1123 1398 et
1146 1355 1228 1417 quae

322 1441 464 1504 Plurima
489 1462 563 1504 cunr
588 1444 689 1524 patria
713 1444 809 1504 sentit
833 1443 944 1506 abesse
968 1441 1038 1522 sibi,
1172 1517 1176 1523 ἐ

321 1547 424 1623 Quam
447 1550 557 1612 vultus
582 1551 755 1631 scitiusque
779 1557 866 1630 tuos,
891 1570 908 1611 o
933 1549 1058 1612 dulcior
1081 1549 1135 1610 illo

321 1656 425 1737 Melle,
450 1657 536 1738 quod
560 1659 593 1718 in
618 1659 699 1721 ceris
722 1658 863 1720 Attica
886 1658 976 1739 ponit
999 1658 1091 1738 apis«

251 1764 312 1839 (alui
329 1783 442 1826 versus
462 1783 524 1825 non
547 1765 650 1825 solum
670 1771 795 1826 tantum
813 1783 951 1826 amorem
973 1770 1004 1826 et
1019 1765 1170 1846 pietatem
1184 1763 1337 1843 indicant,

162 1877 313 1951 qturntam
339 1870 387 1930 illi
411 1871 446 1930 in
470 1870 594 1952 epistul.
619 1869 676 1950 IV,
700 1874 737 1950 4,
768 1890 848 1952 quos
872 1872 935 1932 iam
960 1890 1057 1952 supra
1081 1871 1257 1950 attulimus,
1281 1870 1337 1931 sed

162 1977 258 2038 etiam
283 1973 435 2037 Ovidium
466 1996 544 2039 voce
576 1978 724 2040 »Attica«
755 1978 855 2039 Attici
880 1996 997 2038 nomen
1022 1976 1203 2059 significare
1226 1977 1338 2040 verisi-

162 2081 334 2142 millimum
357 2082 485 2145 videtur
511 2102 588 2163 esse,
619 2085 807 2167 praesertim
826 2104 900 2146 cum
919 2085 952 2145 in
973 2082 1170 2146 carminibus
1194 2085 1234 2146 ad
1259 2084 1338 2146 alios

163 2188 281 2250 amicos
306 2189 431 2270 scriptis
455 2189 685 2253 eodemmodo
709 2191 822 2255 luserit
844 2191 934 2254 velut
955 2189 1015 2271 III,
1038 2194 1059 2253 4
1083 2197 1113 2254 et
1136 2189 1195 2270 IH,
1220 2192 1248 2251 5.

251 2294 361 2357 llinus
395 2302 502 2358 autem
535 2297 618 2360 duae
651 2299 732 2362 aliae
765 2316 880 2360 causae
913 2304 989 2360 sunt
1022 2296 1221 2380 probabiles,
1259 2315 1339 2378 quas

166 2399 308 2469 Kochius
342 2401 382 2464 ad
406 2405 598 2467 sententiam
631 2425 722 2468 suam
746 2404 936 2467 firmandam
959 2403 1088 2486 profert.
1135 2401 1229 2478 Quod
1253 2403 1338 2464 enim

164 2508 195 2568 iu
220 2509 320 2570 nostri
345 2511 496 2573 camlinis
520 2532 549 2572 v.
574 2513 615 2573 25
640 2532 722 2594 seq:

323 2614 444 2698 »Teque
467 2617 703 2700 Menoetiaden,
727 2628 766 2700 te,
791 2621 846 2702 qui
871 2620 1040 2682 comitatus
1065 2618 1210 2696 Oresten,

131 2797 136 2807 ¹
323 2722 366 2786 Te
388 2731 481 2788 vocat
504 2725 652 2808 Aegiden
676 2725 921 2809 Euryalumque
945 2745 1056 2789 suum«

167 2829 196 2884 et
220 2827 252 2886 in
277 2849 324 2910 ep.
349 2849 390 2893 ex
413 2831 516 2896 Ponto
540 2831 582 2912 II,
607 2836 627 2895 4
650 2853 679 2894 v.
704 2835 744 2895 21
771 2853 855 2915 seq:
908 2913 909 2916 Ἴ

321 2934 483 3021 »Denique
506 2944 614 3002 tantus
639 2959 728 3002 amor·
751 2939 853 3019 nobiS,
877 2941 1050 3019 carissime,
1074 2957 1200 3021 semper

325 3038 470 3114 Quantus
493 3048 528 3108 in
551 3047 693 3110 Aeacide
716 3047 935 3129 Actorideque
958 3045 1035 3108 fuit«

167 3144 312 3226 legamus
332 3153 363 3210 et
381 3147 648 3216 Menoetiades
669 3161 699 3218 et
718 3153 922 3217 Actorides
942 3153 1081 3215 eundem
1098 3154 1118 3213 i.
1135 3170 1160 3214 e.
1184 3150 1341 3214 Patroc-

167 3251 248 3313 lum
272 3254 466 3336 significent,
500 3259 633 3322 eandem
665 3263 758 3323 amici
782 3280 951 3344 personam
981 3261 1016 3321 in
1040 3265 1175 3340 utroque
1200 3259 1340 3321 carmine

167 3359 301 3422 imlicari
320 3369 418 3443 putat.
452 3364 613 3445 Attamen,
630 3373 668 3429 ut
687 3370 871 3432 omittamus
889 3367 1041 3431 Ouidium
1061 3367 1187 3448 saepius
1210 3367 1245 3426 in
1269 3366 1341 3428 aliis

168 3487 296 3550 quoque
329 3470 474 3551 epistulis
505 3472 581 3534 talia
609 3475 756 3555 exempla
788 3474 899 3537 firmae
930 3475 1088 3536 amicitiae
1123 3473 1161 3536 de
1194 3478 1340 3535 retertun

168 3576 320 3638 memoria
344 3577 443 3658 petita
467 3598 740 3660 commemorasse,
763 3581 819 3643 illo
844 3581 1060 3663 epistularum·
1079 3599 1120 3668 ex
1143 3579 1246 3642 Ponto
1270 3580 1341 3641 loco

167 3682 294 3746 codices
313 3685 397 3746 inter
420 3704 454 3746 se
474 3685 625 3748 differunt
645 3687 684 3748 de
703 3688 868 3768 scriptura.
901 3686 996 3750 llulti
1016 3687 1102 3749 euim
1120 3686 1209 3769 iique
1229 3688 1341 3770 optimi

168 3791 209 3867 qi,
233 3790 273 3869 A,
297 3791 330 3871 O,
354 3789 392 3873 D,
416 3792 455 3876 ψ)
469 3792 491 3874 ¹)
515 3813 571 3875 pro
595 3794 842 3875 »Actorideque«
871 3793 1025 3876 praebent
1047 3792 1217 3856 lectionem
1247 3793 1342 3856 »Nes-

169 3897 357 3978 torideque«,
378 3920 475 3981 quam
495 3900 633 3963 editaues
652 3901 844 3963 recentiores
863 3905 1053 3984 receperunt
1072 3918 1221 3982 quaeque
1239 3901 1341 3963 multo

170 4005 217 4058 est
248 4004 458 4089 probabilior,
492 4008 595 4090 quod,
633 4013 670 4070 ut
702 4015 787 4072 recte
822 4013 953 4070 annotat
985 4006 1202 4087 Burmannus,
1235 4007 1342 4070 hiatus

170 4104 337 4174 Aeacide
354 4111 612 4197 Actorideque
631 4115 773 4178 insolens
789 4115 976 4178 estNasoni.
1007 4114 1216 4176 Antilochum
1234 4121 1342 4177 autem

223 4337 261 4398 ¹¹)
281 4338 307 4389 in
329 4339 514 4405 significandis
534 4345 674 4398 codicibus
695 4345 824 4398 Koruium
845 4345 931 4396 secuti
952 4360 1055 4398 sumus

1111 4441 1128 4488 3
