3252 4960
751 267 969 328 -1g.-.

270 443 365 522 vidit,
388 448 513 506 utnon
543 441 735 524 dubitemus,
764 445 843 526 quin
866 444 926 507 hoc
951 463 1079 527 quoqne
1103 463 1231 508 carmen
1253 444 1325 509 Sex.
1350 444 1445 508 Pom-

269 550 341 632 peio
373 548 615 612 inscribendum
647 551 696 613 sit.
751 549 834 613 Nam
865 556 902 613 ut
935 552 1118 615 omittamus
1151 553 1268 634 optime
1291 554 1331 615 ad
1356 554 1443 616 illam

270 657 416 718 intimam
443 656 692 720 familiaritatem
710 655 908 740 Pompeique
928 660 1149 722 auctoritatem
1173 659 1337 741 quadrare,
1357 663 1442 744 quod

270 762 310 826 ad
333 763 420 826 hunc
442 765 580 846 primam
602 761 754 826 Tristium
785 763 919 847 elegiam
953 803 994 810 -
1024 785 1139 849 nempe
1168 767 1252 829 inter
1275 784 1336 848 esa,
1361 788 1441 850 quae

270 871 400 932 omnino
416 870 455 933 ad
472 871 590 934 amicos
605 872 741 954 scriptae
756 877 831 934 sunt
846 909 887 916 —
898 873 1029 953 miserit,
1048 875 1146 936 totius
1163 874 1314 936 carminis
1329 892 1441 937 sensus

269 977 433 1038 tenerrimi
465 976 538 1041 Seu.
570 977 761 1061 Pompeium
793 978 944 1042 videntur
976 980 1126 1042 indicare.
1190 979 1239 1043 De
1269 1000 1332 1063 quo
1357 983 1440 1044 enim

268 1083 373 1164 aptius
398 1083 502 1147 dicere
525 1086 629 1168 potuit
651 1090 744 1168 poeta
767 1086 860 1148 initio
884 1087 1050 1148 carminis:

400 1189 442 1253 »Ο
466 1191 544 1254 mihi
568 1196 639 1274 post
661 1191 745 1254 ullos
769 1212 937 1274 nunquam
960 1192 1164 1256 memorande
1188 1194 1321 1274 sodales

402 1295 437 1378 0,
461 1299 514 1361 cui
537 1299 708 1381 praecipue
732 1318 800 1361 sors
824 1318 894 1362 mea
917 1300 988 1362 visa
1011 1319 1069 1362 sua
1093 1305 1163 1379 est,«

266 1424 341 1466 nam
374 1406 426 1468 cui
450 1406 635 1484 amicorum,
668 1403 759 1467 Cotta
790 1403 963 1468 Messalino
995 1405 1129 1468 fortasse
1161 1409 1303 1488 excepto,
1332 1406 1439 1470 Ovidii

266 1531 334 1575 sors
358 1514 403 1575 ita
434 1511 496 1574 fuit
519 1530 623 1591 curae,
649 1532 746 1594 quam
768 1511 945 1594 Pompeio?
992 1510 1041 1575 Ne
1065 1518 1172 1575 autem
1196 1512 1234 1574 de
1257 1513 1313 1574 illo
1338 1517 1439 1577 amico

266 1621 452 1702 cogitemus,
476 1618 569 1682 cuius
593 1636 669 1682 sane
689 1617 728 1680 ab
757 1619 916 1700 adloquiis
945 1619 1085 1681 animam
1104 1638 1196 1681 suam
1214 1618 1439 1681 moribundam

264 1726 422 1789 revixisse
446 1723 581 1789 Ovidius
604 1726 640 1786 in
663 1725 741 1807 eleg.
765 1723 856 1787 Trist.
879 1724 936 1806 IV,
960 1728 989 1805 ὃ,
1014 1745 1111 1808 quam
1130 1724 1239 1788 Cottae
1261 1724 1439 1788 inscriben-

266 1832 338 1894 dam
368 1851 438 1895 esse
470 1852 567 1915 supra
595 1832 893 1913 demonstravimus,
924 1832 1010 1913 dicit,
1040 1851 1077 1895 eo
1105 1832 1253 1895 videmur
1282 1831 1438 1914 impediri,

266 1939 351 2020 quod
375 1936 527 2003 Ovidium
557 1941 592 2000 in
621 1940 725 2022 prima
756 1941 858 2023 elegia
882 1940 922 2002 ad
945 1940 1038 2002 illurn
1061 1941 1179 2022 scripta
1201 1939 1299 2022 patris
1324 1944 1355 2001 et
1376 1937 1439 2000 fra-

264 2047 321 2108 tris
346 2047 415 2109 eins
437 2047 591 2129 illiusque
614 2066 702 2126 usus,
727 2065 823 2128 quem
846 2066 920 2109 curn
952 2045 1107 2109 Messalae
1139 2046 1261 2109 familia
1283 2044 1439 2125 habuerit,

264 2153 459 2216 mentionem
490 2153 650 2216 facturum
682 2153 781 2216 fuisse
814 2153 907 2216 nobis
940 2159 987 2216 est
1019 2172 1215 2236 persuasum.
1270 2151 1439 2216 Praeterea

263 2259 319 2321 illa
341 2258 440 2322 verba
461 2261 497 2322 in
521 2261 598 2344 eleg.
614 2259 679 2340 IV,
703 2263 722 2321 5
747 2260 829 2321 nihil
852 2259 1043 2342 significant,
1073 2260 1136 2321 nisi
1159 2265 1270 2341 poetae
1295 2260 1438 2320 animum

264 2363 355 2428 Cotta
384 2367 571 2430 adhortante
601 2366 825 2430 confirmatum
852 2385 930 2445 esse,
960 2369 995 2428 in
1023 2371 1132 2427 nostro
1165 2368 1272 2425 autem
1295 2364 1436 2425 carmine

263 2490 344 2535 vers.
370 2475 389 2535 5
414 2492 496 2556 seq.:

444 2579 523 2654 »Qui
546 2581 626 2643 mihi
650 2581 822 2642 consilium
844 2578 976 2641 vivendi
999 2579 1075 2640 mite
1101 2577 1233 2657 dedisti,

446 2685 527 2749 Cum
549 2687 631 2750 foret
653 2687 689 2749 in
712 2688 827 2750 misero
852 2691 978 2769 pectore
1001 2687 1112 2748 mortis
1136 2703 1248 2763 amon«

263 2794 380 2875 optime
404 2795 601 2857 conveniunt
624 2812 699 2856 cum
721 2791 838 2874 verbis,
862 2794 1002 2878 quaein
1026 2793 1103 2875 eleg.
1127 2791 1282 2886 Tristiunr
1304 2789 1342 2870 V,
1368 2793 1386 2852 9
1406 2809 1435 2850 r.

265 2902 305 2963 19
328 2901 481 2983 legimus:

420 3007 635 3071 »Seminecem
658 3007 770 3090 Stygia
793 3009 949 3071 revocasti
973 3007 1060 3069 solus
1084 3005 1123 3068 ab
1147 3005 1258 3085 unda«

261 3112 347 3176 unde
378 3119 507 3198 apparet
537 3114 609 3177 Sex.
641 3112 832 3196 Pompeium
863 3113 1099 3192 intercessisse,
1134 3129 1175 3174 ne
1204 3117 1297 3194 poeta
1319 3130 1435 3173 manus

261 3219 322 3282 sibi
346 3219 485 3284 inferret.
540 3221 579 3284 Id
607 3228 714 3285 autern
746 3221 784 3284 de
808 3237 1007 3303 unoquoque
1039 3221 1140 3282 amico
1166 3219 1269 3281 dicere
1292 3218 1434 3300 potuisse

259 3332 387 3409 poetam
408 3329 466 3389 vix
497 3329 668 3410 quisquam
690 3326 824 3411 putabit.
877 3325 965 3401 Quae
989 3347 1064 3390 cum
1092 3327 1138 3389 ita
1165 3327 1245 3406 sint,
1272 3325 1332 3387 hoc
1357 3343 1435 3404 quo-

262 3453 324 3516 que
347 3435 382 3497 in
406 3435 546 3498 carmine
577 3435 649 3498 Ser.
674 3435 865 3517 Pompeium
887 3433 1142 3517 intellegendum
1166 3451 1234 3496 esse
1258 3449 1433 3494 censemus.

350 3539 412 3604 Sed
436 3541 474 3603 de
498 3541 558 3603 hoc
581 3539 689 3604 Ovidii
713 3543 815 3605 amico
838 3543 903 3604 iam
926 3543 1002 3604 satis
1027 3540 1148 3602 dictum
1172 3545 1234 3616 est,
1265 3539 1434 3600 veniamus

260 3647 300 3709 ad
323 3648 425 3729 illum,
449 3649 505 3730 qui
529 3649 598 3711 sine
622 3647 719 3711 dubio
743 3655 869 3732 praeter
892 3654 1013 3710 cetoros
1045 3666 1169 3709 summa
1193 3645 1379 3707 auctoritate
1403 3649 1434 3703 et

259 3756 361 3836 gratia
393 3756 476 3838 apud
500 3755 686 3840 Augustum
709 3755 826 3835 floruit,
850 3755 889 3818 ad
912 3754 1064 3817 Paullum
1086 3750 1222 3814 Fabium
1245 3749 1432 3812 Maximum.
