3252 4960
742 291 959 355 „20-

265 465 379 527 detulit
392 465 422 546 1).
470 465 638 529 Praeterea
662 471 827 548 concessit,
853 476 890 532 ut
914 469 949 545 Q.
974 471 1137 535 Maximus
1170 477 1281 557 paucis
1315 477 1437 559 diebus,

264 578 433 654 postquam
457 573 525 654 ipse
543 574 805 656 triumphaverat,
828 578 1027 660 triumphum
1050 587 1160 663 ageret
1183 603 1209 644 a.
1230 583 1257 647 d.
1277 582 1334 645 ΙΙΙ.
1358 584 1436 648 Idus

265 677 390 741 Octobr.
404 679 437 757 Ι3).
482 678 567 742 Eum
591 687 698 744 autem
722 681 827 745 subito
853 669 903 746 die
927 691 1069 748 extremo
1094 689 1280 753 consulatus
1304 694 1354 754 sui
1383 692 1436 756 de-

219 775 221 779 ’
263 787 411 852 limatum
435 805 503 849 esse
527 793 650 851 constat
661 790 693 866 ³).

353 891 423 967 Quo
456 895 525 957 viro
558 896 654 956 tantis
687 894 861 959 virtutibus
897 898 1039 979 praedito
1077 919 1142 962 non
1184 908 1251 966 erat
1282 905 1435 988 indignus

262 1000 349 1063 lilius
373 999 494 1063 Paulus
517 1000 635 1064 Fabius
661 1001 833 1082 Maximus,
858 1005 912 1086 qui
937 1024 1011 1068 cum
1035 1003 1150 1069 Ovidio
1174 1009 1332 1074 artissimo
1358 1033 1435 1095 quo·

264 1107 335 1169 dam
360 1107 517 1170 amicitiae
541 1109 670 1174 uinculo
691 1111 882 1172 coniunctus
902 1118 968 1174 erat
994 1119 1024 1174 et
1048 1113 1088 1175 ad
1113 1133 1209 1195 quem
1228 1123 1292 1180 tres
1316 1119 1435 1202 epistu-

262 1214 308 1277 las
333 1234 373 1277 ex
392 1215 494 1278 Ponto
518 1214 543 1284 Ι,
562 1217 590 1276 2.
615 1212 673 1285 ΙΙΙ,
694 1217 721 1278 3.
746 1214 805 1296 III,
825 1219 844 1279 8
864 1218 998 1300 scriptas
1017 1237 1086 1282 esse
1105 1220 1170 1281 iam
1189 1239 1286 1305 snpra
1305 1224 1434 1288 demon-

262 1323 441 1383 stravimus.
488 1322 537 1383 Ac
559 1323 699 1403 primum
725 1323 988 1407 quidempaucis
1011 1325 1105 1388 nobis
1129 1332 1176 1390 est
1204 1327 1434 1414 disserendum,

262 1447 402 1508 (pronam
437 1433 579 1510 tempore
618 1428 673 1491 ille
708 1431 749 1491 sit
785 1436 888 1497 natus.
942 1429 1086 1495 Kochius
1115 1434 1200 1496 euim
1227 1435 1246 1496 l.
1270 1436 1289 1497 l.
1317 1444 1434 1520 pag.4

262 1553 303 1595 ex
326 1533 452 1597 Horatii
476 1535 540 1597 illis
563 1535 680 1615 verbis,
705 1555 786 1619 quae
810 1539 844 1599 in
869 1535 1054 1600 carminum
1078 1537 1135 1618 IV,
1161 1542 1177 1601 1
1203 1540 1356 1624 legimns:

527 1640 777 1725 »Tempestivius
800 1645 834 1705 in
859 1643 987 1706 domum

527 1749 648 1829 Paulli,
671 1751 841 1832 purpureis
865 1751 930 1814 ales
954 1749 1104 1827 oloribus,

528 1855 746 1920 Comissabere
768 1856 913 1938 Maximi,

528 1962 561 2025 Si
585 1968 705 2026 torrere
726 1965 817 2027 iecur
841 1966 967 2047 quaeris
990 1965 1151 2028 idoneum.

526 2105 674 2189 Namque
698 2113 729 2169 et
751 2107 869 2170 nobilis
893 2114 924 2172 et
947 2108 1063 2171 decens

527 2211 568 2274 Ft
590 2233 646 2296 pro
670 2213 816 2276 sollicitis
838 2234 903 2276 non
927 2216 1044 2277 tacitus
1067 2216 1130 2278 reis

527 2318 568 2382 Et
592 2326 721 2383 centum
742 2339 823 2403 puer
846 2323 962 2384 artium

525 2426 603 2490 Late
627 2428 719 2510 signa
740 2427 821 2490 feret
837 2427 976 2496 ,militiae
999 2433 1094 2490 tuae«
1118 2433 1175 2490 etc.

261 2534 452 2598 concludere
471 2554 536 2596 non
560 2533 684 2596 dubitat
703 2553 777 2596 eum
800 2553 845 2596 oa.
870 2553 991 2596 annum
1015 2555 1040 2596 a.
1061 2532 1131 2595 Chr.
1157 2535 1198 2596 35
1222 2541 1335 2599 natum
1353 2555 1430 2600 esse.

260 2637 290 2700 N
292 2659 343 2701 arn
365 2639 536 2704 Horatium
566 2641 626 2703 hoc
655 2659 783 2704 carmen
816 2659 860 2702 ca.
885 2659 1006 2702 annum
1036 2643 1076 2702 lo
1101 2639 1191 2724 (739)
1215 2643 1431 2725 composuisse

261 2765 301 2807 ex
325 2746 433 2809 verbis
455 2749 561 2812 »circa
583 2748 684 2810 lustra
708 2747 837 2810 decem«
861 2748 937 2810 satis
961 2747 1153 2830 appa1·e1·e⁴).
1208 2745 1300 2822 Quod
1324 2755 1431 2813 autem

289 2873 303 2878 ..
330 2873 472 2880 ἡ...

333 2907 352 2972 ¹)
381 2907 437 2960 Cur
459 2905 652 2974 Nipperdey
680 2906 713 2960 ad
738 2905 821 2959 Facit.
850 2907 918 2958 Ann.
946 2905 975 2971 I,
1005 2910 1021 2958 b
1043 2905 1184 2972 putaverit
1208 2905 1348 2960 consulem
1366 2908 1430 2962 anni

260 3009 283 3048 a.
304 2994 364 3048 Chr.
384 2999 419 3048 45
436 3011 489 3048 non
502 3011 561 3048 esse
574 2996 689 3048 eundem
709 2994 806 3061 uirum,
826 2995 859 3048 de
878 3010 930 3064 quo
947 2994 1038 3048 Cicero
1057 2995 1086 3048 in
1105 2995 1225 3049 oratione
1243 2995 1273 3048 in
1285 2993 1430 3050 Vatinium

259 3083 355 3136 habita
373 3083 455 3151 dicat,
467 3097 527 3138 ‘non
539 3083 733 3154 intellegimus.
764 3084 795 3136 Id
808 3085 880 3136 enim
893 3083 1008 3151 probant
1025 3081 1253 3138 Mommsenus
1271 3085 1301 3137 in
1320 3087 1348 3139 U.
1361 3085 1386 3139 J.
1400 3085 1429 3138 L.

259 3171 276 3224 l.
295 3189 329 3238 c,
348 3171 526 3226 Haakhius
545 3173 573 3226 in
587 3173 681 3241 Pauly.
702 3157 838 3242 enoyblop.
857 3172 909 3226 vol.
923 3171 970 3239 Vl,
984 3175 1048 3226 sect.
1071 3175 1094 3240 2,
1113 3171 1274 3228 Halmius
1293 3174 1322 3226 in
1340 3175 1428 3228 adnot.

260 3261 293 3314 ad
312 3263 378 3314 orat.
397 3262 427 3313 in
446 3261 538 3315 Vatin.
559 3279 613 3330 cap.
633 3261 688 3329 XI,
715 3265 764 3329 28,
791 3261 892 3330 aliique
917 3261 970 3314 viri
989 3261 1148 3316 doctissimi.
1169 3293 1203 3301 —
1227 3262 1268 3315 De
1287 3263 1430 3318 consulatu

231 3375 233 3382 ·
260 3351 290 3415 Q.
310 3349 387 3405 Fabii
400 3350 513 3404 Maximi
533 3353 565 3405 of.
586 3350 671 3405 Suet.
691 3354 765 3404 caes.
780 3354 829 3405 80:
849 3351 893 3416 att.
912 3349 1034 3405 Maximo
1053 3351 1165 3404 suffecto
1185 3351 1348 3406 trisemestn'
1366 3367 1428 3406 eon·

259 3438 318 3493 sule
345 3440 481 3493 theatrum
506 3441 673 3493 introeunte«
690 3441 741 3494 etc.
777 3439 843 3493 Dio
868 3438 967 3506 XLHI,
991 3443 1034 3494 46.
1072 3440 1196 3493 Cicero
1214 3440 1248 3494 ad
1266 3439 1348 3494 famil.
1368 3438 1428 3504 VII,

258 3533 301 3596 30,
323 3534 345 3580 1.
364 3527 451 3581 Plin.
470 3528 504 3582 H.
524 3529 557 3582 N.
575 3529 637 3582 NH.
659 3535 699 3584 53.
1233 3587 1236 3596 Δ

329 3618 351 3684 ²)
369 3617 463 3672 Fasti
484 3619 713 3687 triumphales
737 3619 764 3670 in
783 3621 811 3672 C.
830 3619 853 3671 J.
872 3617 902 3670 L.
929 3618 943 3671 1
966 3633 1026 3687 pag.
1052 3622 1119 3670 ldl:
1148 3615 1194 3682 »Q.
1219 3616 1320 3670 Fabius
1346 3615 1376 3680 Q.
1399 3615 1427 3668 F.

259 3711 289 3771 tt.
303 3705 336 3760 N.
347 3705 486 3761 Maximus
505 3724 557 3761 cos.
578 3724 611 3760 ex
630 3707 761 3775 Hispania
780 3725 821 3762 an.
841 3706 958 3760 ccclx.
996 3706 1044 3759 ΠΙ.
1074 3707 1139 3760 Idus
1158 3705 1265 3759 Oeten«
1289 3704 1322 3757 el.
1342 3703 1427 3768 Quin·

258 3796 470 3864 HQQM

328 3885 350 3950 ³)
368 3885 470 3940 Fasti
489 3885 691 3954 Capitolini
710 3888 747 3955 (C.
760 3887 784 3938 J.
797 3886 926 3956 L.Ipag.
941 3886 1003 3956 440)
1017 3887 1051 3940 ad
1064 3901 1087 3939 a.
1102 3888 1162 3938 709.
1188 3883 1252 3937 Cic.
1266 3881 1307 3936 ad
1324 3879 1426 3934 famil.

257 3974 273 4027 l.
293 3973 317 4026 l:
345 3975 390 4026 »In
416 3991 509 4044 eampo
532 3979 604 4029 certe
627 3992 679 4030 non
698 3976 789 4044 fuisti,
816 3991 878 4030 eum
897 3976 963 4029 hora
981 3975 1102 4029 secunda
1125 3971 1246 4027 comitiis
1265 3968 1428 4039 quaestoriis

257 4063 392 4117 institutis
411 4064 478 4118 sella
497 4063 527 4130 Q.
547 4064 671 4132 Maximi,
698 4082 779 4135 quem
797 4065 838 4118 illi
857 4064 995 4120 consulem
1022 4079 1081 4118 esse
1099 4061 1239 4127 dicebant,
1265 4060 1354 4128 posita
1377 4061 1427 4124 est,

256 4169 309 4221 quo
328 4156 431 4208 mortus
450 4154 575 4209 nuntiato
594 4154 662 4209 sella
680 4155 773 4209 ablata
791 4159 854 4208 est«
883 4153 991 4208 Plinius
1009 4153 1043 4206 N.
1062 4151 1096 4204 H.
1116 4149 1177 4218 VH,
1199 4153 1246 4205 bd:
1265 4147 1309 4214 »Q
1327 4147 1427 4202 Fabius

256 4242 392 4296 Maximus
410 4242 439 4294 in
456 4243 598 4297 consulatu
611 4260 660 4298 suo
672 4245 758 4313 pridie
769 4244 875 4298 Calend.
885 4242 1031 4296 lanuarias
1043 4241 1132 4295 obiit«
1162 4239 1227 4292 Dio
1240 4237 1339 4304 XLHI,
1350 4241 1392 4304 46,
1403 4239 1425 4288 2.

327 4333 348 4400 ⁴)
368 4333 400 4385 cf.
421 4331 523 4386 tierol.
542 4331 664 4386 Franki
683 4336 743 4389 fast.
763 4334 854 4388 Horat.
874 4348 933 4401 pag.
954 4335 1013 4400 207,
1034 4330 1067 4384 ad
1086 4345 1187 4383 annum
1206 4333 1266 4384 739.
