3252 4960
734 247 929 304 ...pm

370 420 482 484 »Nunc
505 420 564 484 tibi
589 427 620 484 et
641 421 764 503 eloquii
788 421 873 483 nitor
895 419 954 482 ille
975 420 1170 483 domesticus
1193 420 1284 486 adsit.

372 525 443 602 Quo
467 535 593 610 poteras
618 527 751 611 trepidis
776 527 864 590 utilis
888 545 957 590 esse
981 528 1067 590 reis«

240 635 349 716 Atque
383 636 536 698 maiorem
570 636 667 698 etiam
700 634 830 697 laudem
864 631 976 702 Cottae
1008 633 1211 715 eloquentiae
1241 633 1354 696 tribuit
1384 635 1415 695 iu

241 741 331 824 epist.
355 740 416 820 111,
440 743 469 820 5,
493 761 568 804 cum
593 742 671 805 dicit
694 760 775 805 vers.
801 745 818 803 7
844 759 925 821 seq:

400 847 576 932 »Legimus
601 870 618 910 o
642 850 770 912 iuvenis
793 849 888 932 patrii
912 867 976 910 non
1001 847 1142 930 degener
1165 848 1237 926 oris,

401 953 493 1018 Dicta
518 954 576 1018 tibi
600 955 696 1038 pleno
720 953 818 1018 verba
843 954 962 1017 diserta
984 952 1067 1016 foro«

241 1071 273 1126 et
297 1061 336 1124 de
361 1061 559 1126 orationibus
584 1063 654 1124 eius
678 1061 738 1124 1100
761 1061 838 1125 facit
859 1060 1018 1124 iudicium
1042 1079 1124 1124 vers.
1150 1063 1191 1124 14
1215 1080 1318 1143 seqq:

401 1167 549 1232 »Viribus
574 1169 630 1232 illa
653 1169 730 1248 suis,
753 1188 819 1230 11011
843 1169 985 1230 novitate
1008 1167 1144 1250 placent.
1172 1179 1177 1232 ζ

401 1274 534 1356 Felices,
558 1274 677 1357 quibus
701 1275 780 1338 haec
803 1277 873 1358 ipso
898 1293 1092 1358 cognoscere
1114 1275 1150 1336 in
1175 1279 1258 1354 actu,

401 1381 443 1446 Et
466 1388 531 1446 tam
555 1382 695 1446 facundo
721 1383 855 1466 contigit
878 1401 932 1445 010
955 1381 1049 1444 fruit«

167 1561 172 1570 ,
240 1489 391 1554 Eundem
416 1494 523 1554 autem
548 1487 673 1552 Cottam
697 1491 731 1552 in
756 1491 846 1573 epist.
871 1506 912 1552 ex
935 1487 1038 1552 Ponto
1063 1489 1120 1568 IV,
1146 1489 1185 1551 16
1206 1488 1417 1570 »praesidium

166 1575 175 1596 ¹
240 1598 315 1661 fori«
338 1598 499 1660 nominari
523 1599 587 1659 10111
612 1617 710 1681 snpra
732 1597 892 1659 vidimus

328 1705 405 1768 Huc
428 1703 560 1785 accedit,
584 1703 672 1786 quod
699 1722 745 1784 00,
769 1723 851 1786 quae
881 1701 1017 1766 Ovidius
1047 1704 1082 1766 in
1115 1707 1225 1766 nostra
1253 1702 1354 1786 elegia
1379 1703 1418 1764 de

241 1813 336 1874 amici
359 1817 449 1894 patre
473 1818 505 1876 et
529 1811 568 1875 de
591 1831 665 1891 usu,
690 1828 786 1892 quem
811 1828 886 1872 cum
910 1811 981 1873 eius
1003 1809 1127 1873 familia
1149 1807 1307 1890 habuerit,
1332 1810 1417 1891 dicit,

152 1981 153 1984 ,
241 1917 282 1980 ad
311 1917 419 1981 nullos
448 1920 553 2001 aptius
584 1917 762 2002 quadrant,
792 1937 890 1998 quam
923 1916 964 1979 ad
996 1915 1195 1980 Messalinos.
1254 1915 1306 1978 1111
1336 1937 1418 1980 vers.

242 2025 330 2088 enim
353 2025 395 2086 27
420 2043 523 2106 seqq:

286 2129 384 2193 »Nam
407 2136 483 2194 tuus
508 2138 555 2195 est
578 2133 690 2214 primis
714 2132 821 2194 cultus
845 2131 925 2194 mihi
948 2148 1076 2213 semper
1099 2129 1138 2193 ab
1163 2132 1257 2194 annis

288 2274 329 2282 -
352 2236 424 2300 Hoc
448 2244 533 2302 certe
557 2239 623 2301 ncli
648 2238 853 2302 dissimulare
877 2275 919 2285 *-
944 2244 1042 2322 00101,

287 2343 526 2428 Ingeniumque
550 2365 659 2408 111οι1111
684 2383 726 2391 -—
750 2351 840 2428 potes
863 2345 925 2408 hoc
947 2345 1134 2408 meminisse
1158 2381 1199 2388 —
1224 2343 1391 2426 probabat.

286 2449 366 2514 Plus
390 2453 495 2534 etiam,
520 2472 617 2534 quam
642 2471 693 2516 me
716 2452 824 2516 iudice
848 2452 967 2535 diguus
991 2471 1092 2514 eram«

241 2561 318 2623 satis
338 2564 468 2641 apparet
487 2559 582 2622 amici
601 2565 725 2642 patrem
744 2566 776 2623 et
794 2579 829 2623 re
848 2565 880 2623 et
898 2543 1032 2622 consilio
1048 2557 1155 2622 Ovidii
1174 2559 1344 2642 ingenium
1363 2559 1418 2621 ad-

240 2667 362 2729 iuvisse
393 2685 533 2748 eumque
562 2685 632 2730 esse
660 2667 880 2747 adhortatum,
910 2672 947 2728 ut
979 2668 1122 2730 carmina
1152 2672 1358 2750 componeret
1388 2672 1419 2730 et

240 2765 427 2856 publicaret.
473 2773 512 2836 ld
537 2779 646 2836 autem
669 2773 711 2836 M.
735 2773 904 2837 Valerium
933 2772 1104 2837 Messalam
1134 2773 1249 2837 fecisse
1273 2792 1314 2836 ex
1338 2792 1418 2835 11011-

242 2880 341 2942 nullis
358 2880 503 2962 epistulis
519 2899 560 2944 ex
574 2879 678 2944 Ponto
697 2880 859 2944 discimus.
885 2879 1038 2964 Legimus
1054 2882 1140 2944 enim
1156 2881 1182 2961 1,
1198 2885 1216 2940 7
1234 2901 1262 2942 v,
1278 2882 1320 2943 27
1338 2899 1416 2962 seq:

423 2985 505 3050 »Nec
528 2992 605 3050 tuus
630 2994 678 3050 est
700 2990 827 3071 genitor
850 3007 909 3050 nos
933 2987 1096 3051 inficiatus
1120 2989 1248 3066 01111000,

424 3091 577 3156 Hortatur
601 3094 701 3157 studii
724 3114 886 3178 causaque
910 3085 1032 3176 faxque
1055 3095 1133 3158 meir

240 3201 292 3264 vel
316 3220 363 3284 ep.
387 3199 430 3279 ΙΙ,
454 3202 484 3279 2,
508 3202 549 3262 95
575 3201 615 3264 cd
638 3200 693 3264 K.:
718 3202 828 3266 »Pater
850 3202 906 3266 ille
930 3207 1007 3265 tuus
1027 3202 1130 3284 primo
1150 3203 1230 3264 mihi
1250 3200 1357 3264 cultus
1377 3201 1416 3262 ab

150 3377 152 3382 ,
242 3325 334 3370 aevo«
351 3306 552 3388 eandemque
569 3310 763 3372 sententiam
779 3311 965 3373 invenimus
981 3309 1016 3371 in
1031 3310 1120 3391 epist.
1136 3307 1179 3390 ΙΙ,
1195 3311 1214 3372 3
1231 3328 1261 3370 v.
1273 3311 1313 3371 75
1330 3326 1416 3390 seqq.

240 3413 364 3476 Versus
384 3418 492 3477 autem
512 3417 613 3478 nostri
632 3417 784 3479 carminis
804 3417 846 3480 33
867 3423 899 3479 et
917 3418 969 3497 34,
989 3415 1108 3498 quibus
1127 3435 1162 3479 se
1180 3437 1199 3479 0
1217 3417 1320 3499 prime
1333 3416 1418 3478 vitae

239 3521 344 3584 aetate
353 3521 387 3582 in
406 3520 530 3584 familia
537 3523 633 3585 amici
644 3541 713 3586 esse
724 3531 887 3587 versatum
899 3521 1037 3586 Ovidius
1047 3523 1097 3586 his
1108 3522 1215 3586 verbis
1234 3521 1417 3606 profitetur:

347 3627 435 3690 »Non
458 3629 559 3712 igitur
581 3628 640 3692 tibi
663 3650 761 3711 nunc,
786 3630 873 3712 quod
896 3649 948 3694 me
973 3630 1088 3693 domus
1111 3631 1173 3692 ista
1194 3630 1323 3712 recepit,

348 3734 411 3799 Sed
435 3736 525 3819 prius
549 3737 673 3799 auctori
698 3741 774 3800 sunt
798 3737 872 3800 data
895 3736 995 3800 verba
1018 3744 1089 3800 tuo«

243 3841 282 3904 de
306 3840 487 3906 ltlessalinis
519 3843 600 3922 (1101,
632 3843 744 3906 multis
774 3831 854 3908 locis
882 3845 917 3906 iu
951 3843 1094 3927 epistolis
1125 3843 1165 3906 ad
1195 3843 1268 3906 illos
1292 3845 1419 3927 scriptis

242 3947 459 4012 confirmatur.
505 3949 581 4012 Fuit
604 3951 691 4013 enim
720 3949 857 4013 Ovidius
880 3949 1129 4014 Messalinorum
1154 3951 1270 4014 domus
1293 3954 1419 4034 »primis

242 4065 410 4119 venerator
434 4055 473 4118 ab
498 4057 606 4118 annis«
630 4060 685 4136 (ex
708 4055 811 4121 Ponto
836 4055 928 4138 11,2,
950 4059 990 4137 1),
1014 4059 1107 4120 cuius
1127 4058 1187 4120 sub
1207 4057 1274 4122 1010
1294 4079 1420 4142 semper

242 4171 310 4224 erat
338 4167 393 4243 (ex
420 4161 513 4225 Pont.
541 4162 566 4244 1,
592 4166 620 4242 7,
644 4165 709 4244 58),
739 4163 802 4226 fuit
829 4165 914 4226 inter
937 4164 1076 4227 cultores
1100 4163 1275 4228 familiares
1301 4165 1419 4229 110000-

244 4269 301 4330 lini
333 4273 386 4349 (ex
416 4269 508 4334 Pont.
536 4270 561 4350 1,
594 4275 622 4351 7,
651 4272 680 4334 6.
730 4274 769 4332 111
801 4290 865 4352 seq.
893 4270 934 4349 11,
965 4274 994 4350 2,
1025 4274 1066 4334 99
1099 4271 1176 4355 seq.)
1200 4279 1231 4334 et
1255 4273 1419 4354 quondam
