3252 4960
712 298 931 382 „qw-

216 484 403 558 *Praeterea
428 486 459 543 et
489 499 587 542 sonus
617 485 647 542 et
680 481 838 542 sententia
871 480 969 540 totius
1000 479 1120 560 elegiae
1152 477 1238 538 hunc
1269 477 1405 538 amicum

230 593 350 674 optime
382 587 534 649 indicant.
595 585 757 648 Admonet
791 586 876 648 enim
908 584 1045 647 Ovidius
1074 603 1164 664 eum,
1195 588 1231 644 ut
1263 601 1297 644 se
1324 583 1408 644 intra

232 700 380 762 fortunae
397 694 650 758 mediocritatem
667 693 827 754 contineat
843 696 872 754 et
891 692 1076 779 potentium!
1090 709 1186 752 usum
1201 693 1232 752 et
1245 688 1408 784 familiari-

231 811 338 885 tatem,
363 806 520 885 quantum
542 801 651 882 possit,
673 801 768 862 vitet:

437 906 574 970 »Usibus
598 907 709 969 edocto
734 907 761 967 si
786 907 960 988 quicquam
984 905 1089 968 credis
1113 905 1224 984 enrico,

438 1014 524 1078 Vive
546 1013 605 1076 tibi
629 1014 778 1095 etlonge
802 1013 932 1074 nomina
955 1031 1071 1094 magna
1094 1011 1178 1093 fuge.

438 1122 521 1184 Vive
544 1121 613 1200 tibi,
638 1125 861 1202 quantumque
884 1123 982 1202 potes,
1006 1119 1194 1200 praelustria
1218 1119 1292 1180 rita.

439 1229 577 1293 Saevum
599 1228 771 1311 praelustri
794 1227 918 1290 fulmen
942 1226 981 1289 ab
1006 1227 1213 1289 arcerent«

260 1325 262 1330 ⁵
298 1337 406 1400 'Cum
429 1340 536 1398 autem
560 1334 660 1397 Carus
683 1334 780 1417 paulo
811 1335 936 1416 9111991)
969 1333 1051 1395 illud
1081 1332 1261 1395 educatoris
1283 1337 1409 1394 'munus

235 1447 347 1508 iniisse
369 1442 645 1506 verisimillimum
668 1442 722 1521 sit,
756 1459 820 1523 quo
843 1440 974 1502 functus
998 1445 1105 1502 artum
1138 1457 1213 1502 cum
1237 1437 1408 1501 Caesarum

233 1551 357 1614 familia
388 1549 501 1613 habuit
533 1569 646 1628 usum,
678 1547 830 1610 facillime
862 1547 1050 1629 intellegere
1081 1565 1252 1629 possumus
1284 1551 1410 1628 poetam

233 1660 335 1720 amico
358 1658 475 1719 minori
499 1661 579 1718 natu
603 1657 699 1718 talem
729 1656 855 1717 misisse
893 1653 1163 1733 adhortationem,
1195 1659 1232 1715 ut
1265 1672 1339 1716 eum
1370 1651 1409 1714 ab

231 1766 281 1844 iis,
312 1783 395 1846 quae
425 1765 532 1844 ipsum
562 1763 600 1823 de
630 1761 778 1824 fortunae
806 1761 947 1823 culmine
981 1761 1174 1839 deiecerant,
1207 1768 1349 1822 servaret
1378 1766 1409 1821 et

231 1873 392 1932 retineret.
439 1867 547 1950 Atque
570 1868 630 1930 hoc
651 1886 779 1950 quoque
798 1869 832 1930 in
857 1869 997 1930 carmine
1022 1867 1165 1930 dolorem
1189 1867 1283 1928 amici
1307 1867 1410 1928 maxi-

232 1994 339 2054 mum,
374 1993 448 2036 cnm
472 1973 574 2037 abiret
597 1977 632 2036 in
655 1974 799 2053 exilium,
824 1975 975 2036 describit
1010 1995 1039 2034 1.
1065 1976 1106 2036 37
1132 1993 1219 2056 seqq.
1244 1978 1275 2036 et
1298 1973 1409 2035 laudat

234 2082 304 2144 eius
328 2100 448 2162 curam,
473 2101 569 2163 quam
593 2082 688 2144 etiam
712 2087 790 2143 tunc
813 2086 967 2164 praestet:

339 2185 455 2250 »Nunc
480 2207 608 2270 quoque
632 2194 829 2250 summotum
853 2189 959 2250 studio
980 2187 1125 2251 defendis
1149 2189 1287 2250 amicum

339 2293 380 2356 Et
404 2295 487 2356 mala
510 2296 567 2356 vix
591 2295 658 2356 ulla
681 2300 770 2377 parte
794 2295 1127 2378 1919111919199<<(1.
1152 2298 1192 2357 41
1219 2296 1303 2377 seq).

323 2399 412 2475 Quae
436 2420 509 2463 curn
533 2403 578 2463 ita
601 2402 680 2482 sint,
713 2402 795 2464 hanc
828 2403 963 2485 elegiam
994 2401 1074 2464 Caro
1105 2421 1170 2463 non
1201 2403 1309 2462 minus
1338 2406 1409 2482 apte

207 2506 456 2588 inscribemus,
481 2527 578 2590 quam
601 2507 788 2572 Tristium
812 2509 908 2598 eleg.
931 2509 962 2590 Ι,
986 2513 1014 2572 9.

252 2659 255 2666 ,
323 2614 394 2677 Hoc
418 2615 504 2677 enim
528 2616 561 2676 in
587 2617 727 2678 camnine
750 2623 844 2699 poeta
867 2603 988 2679 noster¹
1003 2618 1105 2679 amico
1137 2616 1265 2678 cuidam
1293 2616 1410 2678 minori

237 2725 345 2801 natu2)
381 2722 514 2784 deeius
542 2741 735 2804 »processu«
767 2723 955 2805 gratulatur.
1003 2722 1072 2786 Sibi
1095 2724 1160 2785 iam
1190 2728 1282 2784 antea
1310 2722 1411 2784 fuisse

236 2844 425 2908 persuasum
458 2829 553 2890 amici
586 2830 755 2911 ingenium
786 2849 852 2891 non
885 2849 978 2911 posse
1012 2831 1206 2909 delitescere,
1236 2829 1292 2891 sed
1325 2829 1410 2911 apud
1438 2849 1439 2853 ¹

238 2932 389 3013 aequales
421 2952 536 3014 magno
569 2935 716 2997 futurum
749 2954 818 2998 esse
849 2938 882 2997 in
913 2936 1042 2998 honore.
1088 2936 1186 2998 11111111
1210 2939 1316 2998 autem
1340 2956 1411 3018 pro-

237 3057 364 3100 cessum
388 3039 528 3101 sodalem
552 3041 693 3104 effecisse
718 3042 839 3104 artibus
863 3044 1015 3125 ingenuis
1044 3047 1074 3104 et
1098 3043 1217 3104 severis
1242 3042 1412 3126 diligenter

237 3145 384 3225 excultis,
409 3146 528 3228 qnippe
552 3148 608 3227 qui
630 3168 758 3211 morum
780 3150 964 3232 integritate
988 3154 1018 3211 91
1046 3149 1169 3231 ingenii
1196 3149 1411 3231 eloquentiae·

240 3271 304 3333 que
327 3251 422 3314 laude
445 3251 564 3316 floreat.

325 3358 414 3422 »Sive
439 3359 593 3442 aliquod«,
616 3363 730 3446 inquit,
754 3383 893 3426 »morum
918 3382 975 3425 seu
999 3364 1082 3425 vitae
1106 3358 1178 3426 labe
1202 3363 1339 3425 carentis

327 3463 385 3527 1191
407 3468 557 3548 pretium,
580 3487 674 3531 nemo
698 3467 800 3553 pluris
826 3470 981 3532 emendus
1006 3477 1080 3534 erat.

327 3570 401 3634 Sive
424 3591 482 3654 per
504 3575 661 3657 ingenuas
686 3576 802 3658 aliquis
827 3581 923 3659 caput
946 3577 1063 3646 extulit
1087 3584 1170 3640 artes
1194 3626 1200 3639 .
1225 3625 1231 3637 .
1256 3625 1262 3636 .
1288 3625 1293 3637 .

327 3676 497 3752 Quaelibet
520 3680 649 3762 eloquio
673 3683 709 3745 fit
732 3683 814 3745 bona
840 3702 936 3746 causa
959 3690 1039 3746 tuo«

326 3784 406 3848 Fine
436 3792 543 3849 autem
570 3787 668 3850 huius
699 3789 819 3871 elegiae
844 3789 980 3854 Ovidius
1012 3792 1051 3854 de
1076 3791 1170 3873 culpa
1193 3810 1252 3853 sua
1277 3791 1354 3854 dicit
1382 3796 1413 3854 et

240 3892 407 3955 confirmat
430 3914 535 3958 mores
560 3885 635 3958 suos
659 3894 700 3958 ab
721 3895 856 3959 Artibus
879 3897 960 3974 illis,
989 3916 1071 3980 qnae
1102 3896 1163 3959 sibi
1194 3897 1284 3960 exilii
1316 3918 1412 3961 causa

239 4003 354 4075 essent,
372 3999 574 4065 abstinuisse.
607 4002 776 4066 Praeterea
795 4003 876 4066 illud
895 4023 975 4087 opus
995 4006 1058 4066 iam
1074 4004 1185 4066 multis
1205 4006 1300 4067 annis
1320 4010 1413 4068 antea

239 4175 451 4188 —m-

246 4280 248 4287 ·
312 4261 331 4329 ¹)
352 4263 384 4316 cf.
404 4264 481 4318 Trist.
501 4267 567 4336 eleg.
588 4268 608 4335 Ι,
629 4273 653 4335 9,
673 4269 706 4320 de
725 4285 778 4336 qua
796 4268 885 4335 paullo
904 4267 974 4320 inira
993 4267 1121 4322 dicemus.
1191 4284 1196 4291 ·

310 4351 331 4418 s)
351 4367 414 4405 narn
433 4353 461 4406 id
480 4371 514 4406 ex
533 4358 589 4410 toto
608 4358 726 4411 carmine
746 4361 864 4424 apparet.
