3252 4960
754 217 972 276 ..32-

279 394 368 456 nullo
387 399 490 476 potest
509 394 691 455 testimonio
710 392 837 475 probari
861 412 966 476 neque
986 400 1091 456 tamen
1113 391 1240 453 videtur
1259 410 1328 454 esse
1347 393 1454 454 inere-

281 499 387 561 dibile.
433 498 578 561 Atticum
611 519 629 562 a
662 499 777 562 Seiano
806 499 895 562 Julio
926 499 1051 562 Marino
1085 479 1231 560 adiutore
1250 517 1453 580 oppressum

281 625 349 669 esse
373 607 413 668 ad
438 625 558 668 annum
587 626 618 668 u.
648 626 672 668 c.
693 607 827 686 180132
847 628 875 690 p.
902 605 985 687 Chr.)
1031 604 1158 668 Tacitus
1176 613 1284 667 narrat
1293 607 1325 683 2).

370 711 504 775 Minime
534 731 610 774 vero
641 712 829 796 probamus,
862 713 948 797 quod
979 711 1122 774 Kochius
1153 712 1188 772 in
1221 711 1456 774 dissertationis

282 839 359 880 suae
382 839 452 902 pag.
480 821 519 880 18
543 820 696 902 epistulas
720 839 761 882 ex
784 820 886 884 Ponto
912 820 952 882 ad
975 820 1120 881 Atticum
1144 819 1287 901 scriptas,
1312 855 1352 863 —
1378 827 1457 882 sunt

282 931 389 988 autem
412 924 459 1008 H,
493 925 637 1006 40111,
664 930 681 988 7
707 965 747 972 —-
773 935 857 992 certe
882 929 971 1010 epist.
1002 925 1049 1006 ΙΙ,
1077 929 1107 1006 4,
1139 926 1218 987 viris
1242 926 1344 988 doctis
1368 933 1456 989 recte

284 1030 387 1093 rideri
410 1051 475 1094 11011
499 1035 657 1116 genuinas
682 1053 751 1098 esse
775 1041 873 1118 putat.
920 1033 1034 1097 Carere
1066 1035 1153 1096 enim
1181 1051 1234 1094 eas
1261 1033 1457 1115 proprietate

233 1185 234 1192 ,
284 1145 314 1200 et
347 1133 502 1220 ἰδιότητι,
536 1159 618 1222 quae
653 1149 738 1204 certa
769 1142 907 1224 quadam
940 1159 1049 1203 rerum
1086 1158 1361 1223 personarumque
1402 1140 1458 1203 de-

284 1245 456 1327 scriptione
474 1248 684 1328 contineatur,
702 1268 808 1332 neque
819 1248 996 1331 quidquam
1014 1266 1092 1326 esse,
1112 1246 1198 1328 quod
1218 1246 1336 1308 claram
1355 1247 1457 1309 Attici

271 1353 419 1438 ¹eiusque
444 1372 518 1415 omn
538 1354 653 1417 Ovidio
678 1357 836 1418 amicitiae
860 1357 1033 1440 imaginem
1058 1353 1150 1416 nobis
1174 1358 1248 1415 ante
1272 1353 1382 1416 oculos
1400 1373 1456 1436 po-

285 1464 348 1520 nat.
395 1457 444 1520 Ita
470 1465 578 1523 autem
602 1462 673 1524 illas
697 1464 849 1545 epistulas
868 1468 993 1524 tumere
1014 1461 1152 1545 querelis
1172 1467 1203 1521 et
1221 1460 1456 1523 lamentationi·

285 1565 360 1646 bus,
394 1570 429 1627 ut
453 1565 492 1628 ab
517 1567 677 1632 eruditulo
709 1569 847 1650 quodam
871 1569 1080 1652 grammatico
1113 1587 1154 1631 ex
1177 1567 1256 1629 locis
1281 1564 1453 1645 OuidianiS,

287 1673 343 1753 qui
366 1673 558 1736 maestitiam
592 1676 726 1758 spirent,
751 1677 944 1759 compositae
980 1695 1048 1738 esse
1071 1674 1251 1737 videantur.
1315 1671 1449 1745 Quinam

286 1777 335 1839 illi
353 1779 436 1839 »viri
460 1779 544 1842 docti
553 1805 566 1836 «
589 1782 640 1844 vel
664 1783 860 1862 »nonnulli«,
884 1801 964 1864 qnos
988 1780 1131 1844 Kochius
1155 1780 1303 1863 appellat,
1324 1777 1448 1857 fuerint,

288 1886 490 1968 ignoramuS,
524 1893 556 1950 at
578 1887 611 1950 id
635 1907 765 1971 prorsus
789 1897 913 1954 certum
938 1893 998 1968 est,
1030 1893 1116 1954 recte
1143 1889 1307 1950 neminem
1335 1903 1448 1964 eorum,

289 1993 345 2073 qui
368 2000 477 2055 nostra
501 2000 602 2058 aetate
622 1993 730 2058 Ovidii
754 1995 950 2058 carminibus
970 1995 1129 2058 dederunt
1153 2013 1297 2078 operam,
1331 1991 1368 2053 de
1391 1991 1455 2072 epi·

290 2098 383 2160 stulis
406 2099 471 2162 illis
491 2109 598 2163 nostro
622 2109 733 2184 poetae
753 2102 933 2166 tribuendis
958 2102 1129 2166 dubitasse.
1163 2099 1277 2182 Neque
1297 2099 1384 2161 enim
1404 2113 1459 2159 eae

287 2221 415 2287 causae,
439 2227 519 2290 quas
542 2207 687 2271 Kochius
711 2209 808 2290 ati'ert,
833 2210 968 2273 obstant.
1014 2208 1130 2271 Nonne
1155 2205 1279 2290 epistul.
1304 2204 1462 2284 114011-

290 2301 598 2397 11111011111110111110111
622 2315 752 2378 illorum
778 2336 855 2379 usus
887 2326 919 2380 et
941 2316 1167 2380 familiaritatis
1195 2310 1348 2395 praebet?
1398 2307 1460 2370 Cur

291 2404 398 2482 autem
417 2420 476 2484 hae
495 2423 584 2504 ipsae
604 2423 759 2504 epistulae
777 2423 892 2506 plenae
912 2423 1116 2506 querelarum
1135 2427 1166 2482 et
1193 2417 1461 2481 lamentationum

291 2528 364 2608 sint,
387 2527 480 2592 facile
503 2513 742 2612 intellegemus,
775 2531 803 2592 si
826 2531 940 2592 horum
971 2531 1149 2592 carminum
1181 2525 1323 2588 indolem
1352 2522 1463 2605 paullo

293 2635 472 2697 accuratius
493 2636 811 2698 consideraverimus.
858 2635 950 2712 Quod
974 2637 1082 2720 paullo
1106 2634 1190 2696 infra
1214 2648 1423 2716 exponemus.

381 2738 533 2824 Magnam
549 2748 656 2805 autem
675 2744 838 2807 caritatem
853 2751 883 2806 et
907 2744 1081 2806 amicitiam
1091 2743 1237 2805 Atticum
1255 2745 1285 2801 et
1300 2735 1465 2815 Ovidium,

294 2867 368 2909 cum
387 2845 507 2910 Romae
527 2854 618 2929 esset,
642 2852 848 2914 coniunxisse
868 2870 1057 2934 semperque
1081 2849 1153 2911 illos
1173 2854 1204 2912 ct
1222 2845 1305 2909 seria
1323 2851 1354 2906 et
1377 2843 1465 2904 iocos

294 2955 378 3016 inter
410 2973 444 3016 se
475 2948 745 3039 communicasse,
775 2978 839 3021 non
868 2959 973 3021 solum
997 2957 1086 3040 epist.
1111 2975 1152 3018 ex
1175 2953 1279 3017 Ponto
1310 2949 1403 3030 11,4
1436 2969 1464 3009 v.

298 3062 406 3123 9-12
432 3066 462 3122 et
485 3081 514 3122 v.
543 3066 581 3126 19
606 3083 691 3147 seqq.
718 3065 947 3144 demonstrant,
970 3063 1027 3126 ubi
1050 3068 1144 3146 poeta
1167 3060 1349 3144 profitetur:

508 3169 617 3233 »Seria
639 3172 742 3234 multa
764 3171 844 3233 mihi
868 3181 974 3233 teoiun
1000 3171 1124 3232 conlata
1147 3166 1306 3246 recordor,

509 3274 539 3336 N
541 3295 576 3338 ec
601 3277 674 3340 data
696 3278 849 3340 iucundis
873 3285 1016 3359 tempora
1039 3295 1142 3360 pauoa
1165 3275 1252 3337 iocis.

511 3381 611 3465 Saepe
635 3386 716 3447 citae
739 3385 845 3468 longis
868 3387 956 3447 visae
980 3381 1182 3446 sermonibus
1206 3380 1311 3459 horae,

496 3488 611 3572 ¹Saepe
635 3490 697 3554 fuit
720 3492 856 3573 brevior,
882 3512 980 3574 quam
1004 3509 1076 3553 11100
1094 3487 1194 3552 verba
1218 3487 1294 3550 dics,

512 3703 541 3766 N
544 3723 579 3767 os
601 3705 671 3768 fora
694 3707 846 3770 viderunt
868 3707 995 3788 pariter,
1019 3722 1077 3766 nos
1100 3702 1243 3791 porticus
1268 3698 1380 3776 oninis,

512 3811 578 3876 Nos
601 3814 664 3894 via,
687 3833 746 3876 nos
768 3815 889 3876 iunctis
913 3831 1012 3876 curva
1035 3811 1157 3873 theatra
1180 3807 1273 3868 loeis«
1297 3812 1353 3867 etc,

302 3917 357 3979 sed
381 3919 476 3981 etiam
495 3920 653 3984 Amorum
677 3921 755 4004 eleg.
775 3920 800 4002 I,
824 3923 853 4002 9,
877 3939 959 4003 quae
984 3918 1130 3981 adhunc
1153 3915 1259 3976 virum
1279 3911 1397 3991 scripta
1416 3915 1472 3988 est,

302 4024 362 4085 hoo
392 4025 468 4088 satis
498 4033 605 4110 aperte
636 4028 766 4091 indicat.
821 4027 990 4090 Praeterea
1023 4044 1063 4087 ex
1097 4041 1143 4105 ep.
1178 4040 1220 4084 ex
1247 4019 1351 4082 Ponto
1378 4013 1421 4094 ΙΙ,
1451 4017 1473 4076 4

1467 4693 1582 4936 i
